2702 4548
266 295 308 370 14

258 477 504 570 seutentiam,
530 495 573 551 ut
594 481 759 577 primum
785 476 888 551 dicta
913 495 1012 570 erat,
1047 481 1149 554 inter
1173 503 1254 554 om-

258 601 328 650 nes
365 577 594 676 divulgatam
638 575 708 650 sed
741 575 839 648 alius·
870 600 952 648 eam
983 575 1062 670 alii,
1100 583 1132 670 si
1155 577 1256 652 forte

257 698 384 749 sermo
409 680 450 746 in
475 679 543 747 has
568 697 628 748 ros
652 673 810 765 incidit,
833 673 1024 748 tradebat:
1051 701 1129 775 qno
1162 678 1256 776 quid
1293 765 1297 776 Ι
1324 728 1325 748 t

258 769 441 848 effectum
468 777 532 865 sit,
566 776 759 846 orationes
791 770 974 863 edocent,
1008 798 1126 874 quae,
1154 798 1257 858 com·
1324 809 1325 812 ¹

256 875 408 971 positae
452 872 500 944 ab
538 868 641 960 aliis,
686 871 828 963 Persii,
872 873 1031 958 Fannii,
1075 871 1253 970 Sulpicii,

258 969 432 1042 Caesaris
484 988 555 1043 cet.
605 967 824 1045 nominibus
868 966 1254 1063 circumferebantur,

257 1092 357 1167 quos
380 1071 480 1140 viros
506 1089 627 1139 nemo
649 1065 865 1165 opinabitur
889 1070 946 1139 sic
970 1090 1054 1140 esse
1074 1085 1256 1160 mortuos,
1325 1121 1326 1126 η

256 1183 301 1236 ut
325 1168 485 1255 audeus,
513 1168 580 1264 qui
607 1164 656 1238 de
679 1161 750 1237 illis
775 1163 948 1238 iudicare
971 1164 1256 1263 possentfnul·

255 1261 314 1336 los
337 1265 555 1362 superstites
581 1261 852 1362 relinquerent.

353 1359 472 1456 Quod
487 1401 492 1408 ·
508 1385 599 1433 vero
637 1379 749 1452 „tum
782 1377 891 1432 erant
922 1358 1108 1434 tabernae
1143 1360 1258 1436 libra-
1326 1359 1327 1434 l

246 1461 337 1532 -riue
355 1478 393 1532 et
410 1456 656 1532 struebantur
680 1456 952 1549 bibliothecae,
975 1460 1017 1531 in
1067 1457 1178 1532 uibus
1198 1485 1258 1534 re·
1326 1505 1327 1550 3

255 1561 496 1654 ponerentur
525 1556 588 1630 vel
616 1560 782 1630 maxime
806 1554 986 1628 Tulliana
1010 1485 1257 1648 vdlumina,“
1326 1559 1327 1586 ¹

253 1653 297 1726 id
321 1657 363 1725 in
392 1653 451 1726 his
481 1651 635 1726 fraudes
668 1678 750 1726 non
780 1651 1001 1751 impediisse
1033 1674 1149 1751 puto,
1185 1656 1258 1728 sed

255 1751 454 1832 adiuvisse.
504 1753 598 1846 Quis
630 1754 733 1824 enim
765 1753 912 1824 nesciat
936 1749 1135 1827 hominum
1159 1751 1267 1826 lucri·

255 1874 306 1922 cu
333 1849 486 1921 idorum
508 1852 550 1922 in
577 1848 674 1922 dolis
702 1867 740 1921 et
762 1847 957 1922 fraudibus
990 1849 1256 1948 excogitandis

253 1877 479 2021 industriam
501 1945 752 2038 indefessam,
781 1949 863 2046 quis
894 1969 944 2018 ue
969 1945 1136 2039 dubitet,
1162 1951 1258 2048 quin
1326 1975 1327 1994 ³

248 2064 349 2120 tunc
373 2049 488 2118 etiam
512 2045 672 2135 fuerint,
713 2049 779 2146 qui
807 1972 1059 2121 bibliothecas
1084 2043 1258 2120 facienti·
1326 2056 1327 2075 ¹

253 2142 325 2216 bus
343 2143 552 2216 'studerent
581 2142 795 2218 adulterina
829 2167 900 2242 pro
932 2147 1029 2216 veris
1061 2143 1259 2219 vendere?

251 2243 394 2341 Neque
429 2265 498 2313 eos
534 2245 576 2314 in
613 2240 690 2314 hoc
720 2239 858 2314 frustra
889 2239 1107 2314 elaborasse
1132 2241 1257 2336 dicet,
1327 2241 1328 2326 ἴ

253 2343 324 2440 qui
349 2342 587 2438 cogitaverit,
619 2337 820 2412 hominum
843 2343 885 2412 in
909 2337 1022 2412 rebus
1047 2338 1258 2414 rarioribus
1327 2256 1330 2424 Ι

254 2435 482 2537 colligendis
524 2454 672 2508 tantam
714 2461 794 2510 esse
835 2435 960 2510 solere
1005 2436 1259 2536 cupiditatem
1328 2505 1330 2530 ,

251 2553 480 2636 tantumque
504 2534 689 2626 studium,
724 2533 833 2634 quod
862 2533 924 2608 vel
947 2533 1259 2608 doctissimorum
1328 2535 1330 2632 l

252 2653 293 2708 et
323 2639 656 2732 sagacissimorum
697 2636 866 2706 virorum
900 2631 1032 2708 oculos
1073 2637 1259 2733 perstriu-
1329 2641 1330 2732 l

128 2825 131 2836 Ἰ
250 2752 334 2831 gat3
360 2735 623 2804 Romanorum
648 2755 757 2821 vero,
794 2734 826 2804 si
857 2731 1059 2822 Caesares,
1098 2733 1259 2805 Cicero-

250 2851 339 2918 nes,
367 2827 461 2904 alios
488 2854 604 2929 quam
628 2830 876 2926 paucissimos
901 2830 1110 2928 exceperis,
1136 2821 1259 2928 plane

251 2929 428 2999 omnium
452 2926 517 2998 ‘de
551 2931 650 3002 veris
683 2925 871 2998 librorum
906 2926 1124 3000 auctoribus
1155 2927 1260 3000 indi-

252 3029 373 3116 cium,
416 3025 549 3097 nescio
583 3022 816 3122 negligentia
851 3023 1019 3124 quadam
1045 3051 1101 3104 an
1130 3045 1260 3100 certo-

248 3148 336 3196 rum
371 3139 665 3222 praeoeptorum
702 3122 853 3220 inopid,
896 3120 1121 3196 mirabiliter
1139 3121 1260 3196 ,iufir-

247 3246 356 3295 mum
380 3231 463 3295 erat
487 3245 534 3294 ac
559 3217 730 3294 dubium.
782 3218 916 3314 Quod,
948 3245 999 3293 ne
1024 3219 1117 3310 alia,
1151 3246 1260 3321 quae

248 3324 374 3393 minus
404 3323 446 3390 in
466 3337 630 3420 -promtu
652 3336 757 3410 sunt,
801 3321 1047 3418 conquiram,
1091 3335 1150 3392 sat
1179 3318 1259 3392 illis

250 3415 541 3492 confinnabitur
573 3421 615 3490 in
651 3419 752 3490 Brut.
786 3439 883 3516 cap.¹
902 3415 1043 3488 XXVI.
1098 3419 1261 3488 Horum

248 3517 453 3588 aetatibus
481 3518 668 3588 adiuncti
690 3518 770 3588 duo
798 3515 838 3590 Ο.
864 3515 1038 3594 Fannii,
1066 3514 1107 3588 Ο.
1129 3531 1170 3584 et
1189 3518 1258 3588 M.

125 3626 127 3637 '
238 3611 326 3716 filii
338 3613 530 3708 fuerunt.-
556 3639 725 3714 quorum
751 3614 791 3688 Ο.
807 3612 922 3711 filius
948 3637 1074 3682 unam
1097 3616 1259 3684 oracio-

250 3737 344 3781 nem
385 3711 435 3780 de
474 3715 588 3783 sociis
629 3728 670 3782 et
711 3714 875 3790 nomine
911 3709 1063 3780 Latino
1108 3727 1260 3788 contra

249 3805 685 3907 Gracchum'reliquit,
710 3832 808 3878 sane
833 3822 875 3878 et
900 3804 1048 3876 bonam
1072 3822 1114 3876 et
1138 3805 1260 3877 nobi-

248 3906 337 3979 lem.
395 3906 497 3977 Tum
525 3906 708 3976 Atticus.-
747 3905 854 4004 Quid
876 3905 1003 4003 ergo?
1040 3920 1149 3976 estne
1174 3906 1261 3976 ista

247 4005 432 4078 Fannii?
480 4027 578 4076 nam
623 4004 745 4074 vario
789 4004 925 4099 opinio
962 4005 1096 4101 pueris
1138 3998 1261 4072 nobis
