<?xml version="1.0" encoding="UTF-8"?>
<!DOCTYPE html PUBLIC "-//W3C//DTD XHTML 1.0 Transitional//EN"
    "http://www.w3.org/TR/xhtml1/DTD/xhtml1-transitional.dtd">
<html xmlns="http://www.w3.org/1999/xhtml" xml:lang="en" lang="en">
 <head>
  <title>
</title>
<meta http-equiv="Content-Type" content="text/html;charset=utf-8" />
  <meta name='ocr-system' content='tesseract 3.04.00' />
  <meta name='ocr-capabilities' content='ocr_page ocr_carea ocr_par ocr_line ocrx_word'/>
</head>
<body>
  <div class='ocr_page' id='page_1' title='image "./deorationequaei00jacogoog_0049.png"; bbox 0 0 2752 4548; ppageno 0'>
   <div class='ocr_carea' id='block_1_1' title="bbox 230 336 283 412">
    <p class='ocr_par' dir='ltr' id='par_1_1' title="bbox 230 336 283 412">
     <span class='ocr_line' id='line_1_1' title="bbox 230 336 283 412; baseline 0 0"><span class='ocrx_word' id='word_1_1' title='bbox 230 336 283 412; x_wconf 75' lang='lat' dir='ltr'><em>2ss</em></span> 
     </span>
    </p>
   </div>
   <div class='ocr_carea' id='block_1_2' title="bbox 224 513 1234 1397">
    <p class='ocr_par' dir='ltr' id='par_1_2' title="bbox 224 513 1234 1397">
     <span class='ocr_line' id='line_1_2' title="bbox 261 513 1233 618; baseline -0.004 -28"><span class='ocrx_word' id='word_1_2' title='bbox 261 543 367 590; x_wconf 80' lang='lat' dir='ltr'><em>amm</em></span> <span class='ocrx_word' id='word_1_3' title='bbox 393 513 701 606; x_wconf 68' lang='lat' dir='ltr'><em>accommodata,</em></span> <span class='ocrx_word' id='word_1_4' title='bbox 728 517 797 588; x_wconf 75' lang='lat' dir='ltr'><em>&#39;seit</em></span> <span class='ocrx_word' id='word_1_5' title='bbox 817 513 923 617; x_wconf 88' lang='lat' dir='ltr'>quod</span> <span class='ocrx_word' id='word_1_6' title='bbox 944 516 1074 615; x_wconf 84' lang='lat' dir='ltr'><em>inepte</em></span> <span class='ocrx_word' id='word_1_7' title='bbox 1098 517 1233 618; x_wconf 77' lang='lat' dir='ltr'><em>singu·</em></span> 
     </span>
     <span class='ocr_line' id='line_1_3' title="bbox 229 545 1232 714; baseline -0.004 -28"><span class='ocrx_word' id='word_1_8' title='bbox 229 545 328 686; x_wconf 50' lang='lat' dir='ltr'><em>{eris</em></span> <span class='ocrx_word' id='word_1_9' title='bbox 356 629 472 714; x_wconf 79' lang='lat' dir='ltr'><strong>atque</strong></span> <span class='ocrx_word' id='word_1_10' title='bbox 502 615 743 708; x_wconf 78' lang='lat' dir='ltr'><em>amplissima</em></span> <span class='ocrx_word' id='word_1_11' title='bbox 773 620 820 686; x_wconf 83' lang='lat' dir='ltr'><em>sit</em></span> <span class='ocrx_word' id='word_1_12' title='bbox 847 613 896 686; x_wconf 90' lang='lat' dir='ltr'><em>de</em></span> <span class='ocrx_word' id='word_1_13' title='bbox 922 637 964 686; x_wconf 89' lang='lat' dir='ltr'><em>re</em></span> <span class='ocrx_word' id='word_1_14' title='bbox 989 639 1119 714; x_wconf 85' lang='lat' dir='ltr'><em>neque</em></span> <span class='ocrx_word' id='word_1_15' title='bbox 1144 639 1232 684; x_wconf 84' lang='lat' dir='ltr'><em>am-</em></span> 
     </span>
     <span class='ocr_line' id='line_1_4' title="bbox 224 708 1234 812; baseline 0 -28"><span class='ocrx_word' id='word_1_16' title='bbox 224 713 315 812; x_wconf 84' lang='lat' dir='ltr'><em>pla,</em></span> <span class='ocrx_word' id='word_1_17' title='bbox 341 737 415 785; x_wconf 86' lang='lat' dir='ltr'><em>nec</em></span> <span class='ocrx_word' id='word_1_18' title='bbox 439 712 646 809; x_wconf 74' lang='lat' dir='ltr'><em>singulari.</em></span> <span class='ocrx_word' id='word_1_19' title='bbox 696 713 758 782; x_wconf 88' lang='lat' dir='ltr'><em>De</em></span> <span class='ocrx_word' id='word_1_20' title='bbox 787 713 841 785; x_wconf 89' lang='lat' dir='ltr'><em>his</em></span> <span class='ocrx_word' id='word_1_21' title='bbox 859 730 1007 803; x_wconf 88' lang='lat' dir='ltr'><em>tamen,</em></span> <span class='ocrx_word' id='word_1_22' title='bbox 1024 716 1141 785; x_wconf 81' lang='lat' dir='ltr'><em>&#39;euius</em></span> <span class='ocrx_word' id='word_1_23' title='bbox 1166 708 1234 784; x_wconf 83' lang='lat' dir='ltr'><em>hic</em></span> 
     </span>
     <span class='ocr_line' id='line_1_5' title="bbox 228 807 1233 908; baseline 0 -28"><span class='ocrx_word' id='word_1_24' title='bbox 228 807 342 882; x_wconf 71' lang='lat' dir='ltr'><em>fusile</em></span> <span class='ocrx_word' id='word_1_25' title='bbox 366 808 513 882; x_wconf 67' lang='lat' dir='ltr'><em>summa</em></span> <span class='ocrx_word' id='word_1_26' title='bbox 539 826 595 881; x_wconf 72' lang='lat' dir='ltr'><em>est</em></span> <span class='ocrx_word' id='word_1_27' title='bbox 620 813 839 902; x_wconf 75' lang='lat' dir='ltr'><strong>auctoritas,</strong></span> <span class='ocrx_word' id='word_1_28' title='bbox 877 814 959 908; x_wconf 81' lang='lat' dir='ltr'><em>ip&#39;se</em></span> <span class='ocrx_word' id='word_1_29' title='bbox 991 813 1130 883; x_wconf 84' lang='lat' dir='ltr'><em>Cicero</em></span> <span class='ocrx_word' id='word_1_30' title='bbox 1164 833 1233 880; x_wconf 81' lang='lat' dir='ltr'><em>au-</em></span> 
     </span>
     <span class='ocr_line' id='line_1_6' title="bbox 230 905 1234 1006; baseline -0.003 -25"><span class='ocrx_word' id='word_1_31' title='bbox 230 907 410 998; x_wconf 88' lang='lat' dir='ltr'><em>diendus,</em></span> <span class='ocrx_word' id='word_1_32' title='bbox 444 911 510 1006; x_wconf 87' lang='lat' dir='ltr'><em>qui</em></span> <span class='ocrx_word' id='word_1_33' title='bbox 536 905 684 1000; x_wconf 82' lang='lat' dir='ltr'><em>(famm.</em></span> <span class='ocrx_word' id='word_1_34' title='bbox 715 909 774 998; x_wconf 88' lang='lat' dir='ltr'><em>VI,</em></span> <span class='ocrx_word' id='word_1_35' title='bbox 802 911 857 1004; x_wconf 88' lang='lat'><em>6.)</em></span> <span class='ocrx_word' id='word_1_36' title='bbox 886 907 1058 980; x_wconf 83' lang='lat' dir='ltr'>Marcelli</span> <span class='ocrx_word' id='word_1_37' title='bbox 1085 909 1234 981; x_wconf 81' lang='lat' dir='ltr'><em>&#39;restitu-</em></span> 
     </span>
     <span class='ocr_line' id='line_1_7' title="bbox 228 1005 1232 1100; baseline -0.007 -20"><span class='ocrx_word' id='word_1_38' title='bbox 228 1008 456 1080; x_wconf 71' lang='lat' dir='ltr'><em>timemus</em></span> <span class='ocrx_word' id='word_1_39' title='bbox 492 1027 574 1074; x_wconf 88' lang='lat' dir='ltr'><em>rem</em></span> <span class='ocrx_word' id='word_1_40' title='bbox 610 1005 855 1100; x_wconf 72' lang='lat' dir='ltr'><em>singularem</em></span> <span class='ocrx_word' id='word_1_41' title='bbox 897 1024 936 1076; x_wconf 86' lang='lat' dir='ltr'><em>et</em></span> <span class='ocrx_word' id='word_1_42' title='bbox 975 1011 1012 1098; x_wconf 79' lang='grc' dir='ltr'><em>(Ι</em></span> <span class='ocrx_word' id='word_1_43' title='bbox 1020 1007 1063 1097; x_wconf 88' lang='lat' dir='ltr'><em>V,</em></span> <span class='ocrx_word' id='word_1_44' title='bbox 1103 1009 1146 1096; x_wconf 72' lang='grc'><em>4)</em></span> <span class='ocrx_word' id='word_1_45' title='bbox 1190 1021 1232 1074; x_wconf 88' lang='lat' dir='ltr'><em>ut</em></span> 
     </span>
     <span class='ocr_line' id='line_1_8' title="bbox 229 1100 1231 1201; baseline -0.002 -27"><span class='ocrx_word' id='word_1_46' title='bbox 229 1103 461 1201; x_wconf 75' lang='lat' dir='ltr'><em>dignissime</em></span> <span class='ocrx_word' id='word_1_47' title='bbox 487 1111 604 1200; x_wconf 77' lang='lat' dir='ltr'><strong>atque</strong></span> <span class='ocrx_word' id='word_1_48' title='bbox 629 1100 864 1197; x_wconf 79' lang='lat' dir='ltr'><em>amplissime</em></span> <span class='ocrx_word' id='word_1_49' title='bbox 889 1101 1029 1175; x_wconf 78' lang='lat' dir='ltr'><em>factam</em></span> <span class='ocrx_word' id='word_1_50' title='bbox 1061 1125 1231 1174; x_wconf 89' lang='lat' dir='ltr'><em>comme-</em></span> 
     </span>
     <span class='ocr_line' id='line_1_9' title="bbox 228 1198 1232 1296; baseline 0.001 -27"><span class='ocrx_word' id='word_1_51' title='bbox 228 1215 365 1290; x_wconf 80' lang='lat' dir='ltr'><em>morat.</em></span> <span class='ocrx_word' id='word_1_52' title='bbox 433 1199 510 1272; x_wconf 83' lang='lat' dir='ltr'><em>Sed</em></span> <span class='ocrx_word' id='word_1_53' title='bbox 543 1198 680 1288; x_wconf 82' lang='lat' dir='ltr'><em>„huius</em></span> <span class='ocrx_word' id='word_1_54' title='bbox 717 1203 849 1272; x_wconf 83' lang='lat' dir='ltr'><em>aetatis</em></span> <span class='ocrx_word' id='word_1_55' title='bbox 880 1204 977 1272; x_wconf 83' lang='lat' dir='ltr'><em>mori</em></span> <span class='ocrx_word' id='word_1_56' title='bbox 1008 1219 1048 1272; x_wconf 85' lang='lat' dir='ltr'><em>et</em></span> <span class='ocrx_word' id='word_1_57' title='bbox 1079 1199 1232 1296; x_wconf 81' lang='lat' dir='ltr'><em>elegan-</em></span> 
     </span>
     <span class='ocr_line' id='line_1_10' title="bbox 228 1296 1234 1397; baseline 0.002 -31"><span class='ocrx_word' id='word_1_58' title='bbox 228 1299 307 1376; x_wconf 83' lang='lat' dir='ltr'><em>tiae</em></span> <span class='ocrx_word' id='word_1_59' title='bbox 341 1300 573 1370; x_wconf 83' lang='lat' dir='ltr'><em>contrarium</em></span> <span class='ocrx_word' id='word_1_60' title='bbox 609 1296 758 1368; x_wconf 84' lang='lat' dir='ltr'><em>videtur</em></span> <span class='ocrx_word' id='word_1_61' title='bbox 794 1316 832 1368; x_wconf 88' lang='lat' dir='ltr'><em>et</em></span> <span class='ocrx_word' id='word_1_62' title='bbox 862 1301 1052 1397; x_wconf 84' lang='lat' dir='ltr'><em>ineptum,</em></span> <span class='ocrx_word' id='word_1_63' title='bbox 1090 1298 1234 1368; x_wconf 67' lang='lat' dir='ltr'><em>meritis</em></span> 
     </span>
    </p>
   </div>
   <div class='ocr_carea' id='block_1_3' title="bbox 224 1393 1341 1494">
    <p class='ocr_par' dir='ltr' id='par_1_3' title="bbox 224 1393 1341 1494">
     <span class='ocr_line' id='line_1_11' title="bbox 224 1393 1341 1494; baseline 0.001 -30"><span class='ocrx_word' id='word_1_64' title='bbox 224 1393 404 1493; x_wconf 78' lang='lat' dir='ltr'><em>pluribus</em></span> <span class='ocrx_word' id='word_1_65' title='bbox 443 1399 499 1467; x_wconf 87' lang='lat' dir='ltr'><em>uti</em></span> <span class='ocrx_word' id='word_1_66' title='bbox 533 1393 701 1494; x_wconf 75' lang='lat' dir='ltr'><em>aJiquem</em></span> <span class='ocrx_word' id='word_1_67' title='bbox 737 1397 778 1466; x_wconf 89' lang='lat' dir='ltr'><em>in</em></span> <span class='ocrx_word' id='word_1_68' title='bbox 815 1400 1019 1494; x_wconf 83' lang='lat' dir='ltr'><em>gratiarum</em></span> <span class='ocrx_word' id='word_1_69' title='bbox 1058 1403 1229 1484; x_wconf 83' lang='lat' dir='ltr'><em>actione,</em></span> <span class='ocrx_word' id='word_1_70' title='bbox 1338 1399 1341 1404; x_wconf 80' lang='lat'>&#39;</span> 
     </span>
    </p>
   </div>
   <div class='ocr_carea' id='block_1_4' title="bbox 225 1491 1231 2055">
    <p class='ocr_par' dir='ltr' id='par_1_4' title="bbox 225 1491 1231 2055">
     <span class='ocr_line' id='line_1_12' title="bbox 227 1491 1230 1586; baseline 0.003 -27"><span class='ocrx_word' id='word_1_71' title='bbox 227 1516 349 1586; x_wconf 81' lang='lat' dir='ltr'><em>quam</em></span> <span class='ocrx_word' id='word_1_72' title='bbox 374 1491 537 1586; x_wconf 78' lang='lat' dir='ltr'><em>fastum</em></span> <span class='ocrx_word' id='word_1_73' title='bbox 578 1513 675 1563; x_wconf 81' lang='lat' dir='ltr'><em>esses</em></span> <span class='ocrx_word' id='word_1_74' title='bbox 707 1515 733 1558; x_wconf 80' lang='lat' dir='ltr'><strong>a</strong></span> <span class='ocrx_word' id='word_1_75' title='bbox 768 1502 908 1566; x_wconf 79' lang='lat' dir='ltr'><em>ceteris</em></span> <span class='ocrx_word' id='word_1_76' title='bbox 944 1494 1230 1566; x_wconf 77' lang='lat' dir='ltr'><em>senatoribus.“</em></span> 
     </span>
     <span class='ocr_line' id='line_1_13' title="bbox 225 1587 1231 1688; baseline 0.002 -30"><span class='ocrx_word' id='word_1_77' title='bbox 225 1587 292 1659; x_wconf 90' lang='lat' dir='ltr'><em>De</em></span> <span class='ocrx_word' id='word_1_78' title='bbox 319 1587 456 1686; x_wconf 86' lang='lat' dir='ltr'><em>quibus</em></span> <span class='ocrx_word' id='word_1_79' title='bbox 483 1607 690 1688; x_wconf 82' lang='lat' dir='ltr'><em>antequam</em></span> <span class='ocrx_word' id='word_1_80' title='bbox 714 1591 755 1659; x_wconf 85' lang='lat' dir='ltr'><em>in</em></span> <span class='ocrx_word' id='word_1_81' title='bbox 781 1591 967 1662; x_wconf 90' lang='lat' dir='ltr'><em>iudicium</em></span> <span class='ocrx_word' id='word_1_82' title='bbox 994 1599 1118 1677; x_wconf 82' lang='lat' dir='ltr'><strong>eatur,</strong></span> <span class='ocrx_word' id='word_1_83' title='bbox 1134 1588 1231 1660; x_wconf 81' lang='lat' dir='ltr'><em>bre-</em></span> 
     </span>
     <span class='ocr_line' id='line_1_14' title="bbox 227 1683 1231 1783; baseline 0.001 -27"><span class='ocrx_word' id='word_1_84' title='bbox 227 1689 323 1756; x_wconf 82' lang='lat' dir='ltr'><em>viter</em></span> <span class='ocrx_word' id='word_1_85' title='bbox 348 1686 623 1783; x_wconf 84' lang='lat' dir='ltr'><em>exponendum</em></span> <span class='ocrx_word' id='word_1_86' title='bbox 648 1683 817 1780; x_wconf 74' lang='lat' dir='ltr'><em>videtur,</em></span> <span class='ocrx_word' id='word_1_87' title='bbox 862 1687 968 1760; x_wconf 87' lang='lat' dir='ltr'><em>unde</em></span> <span class='ocrx_word' id='word_1_88' title='bbox 992 1693 1049 1758; x_wconf 85' lang='lat' dir='ltr'><em>vir</em></span> <span class='ocrx_word' id='word_1_89' title='bbox 1075 1686 1122 1760; x_wconf 91' lang='lat' dir='ltr'><em>cl.</em></span> <span class='ocrx_word' id='word_1_90' title='bbox 1151 1685 1231 1759; x_wconf 88' lang='lat' dir='ltr'>col-</span> 
     </span>
     <span class='ocr_line' id='line_1_15' title="bbox 226 1779 1229 1882; baseline 0 -26"><span class='ocrx_word' id='word_1_91' title='bbox 226 1779 378 1880; x_wconf 79' lang='lat' dir='ltr'><em>legerit,</em></span> <span class='ocrx_word' id='word_1_92' title='bbox 412 1808 458 1861; x_wconf 68' lang='grc' dir='ltr'><em>ρο</em></span> <span class='ocrx_word' id='word_1_93' title='bbox 492 1782 556 1855; x_wconf 90' lang='lat' dir='ltr'><em>die</em></span> <span class='ocrx_word' id='word_1_94' title='bbox 581 1780 726 1854; x_wconf 86' lang='lat' dir='ltr'><em>nullum</em></span> <span class='ocrx_word' id='word_1_95' title='bbox 752 1803 970 1856; x_wconf 84' lang='lat' dir='ltr'><em>senatorem</em></span> <span class='ocrx_word' id='word_1_96' title='bbox 995 1803 1054 1857; x_wconf 90' lang='lat' dir='ltr'><em>tot</em></span> <span class='ocrx_word' id='word_1_97' title='bbox 1076 1789 1119 1856; x_wconf 80' lang='lat' dir='ltr'><em>in</em></span> <span class='ocrx_word' id='word_1_98' title='bbox 1146 1809 1229 1882; x_wconf 83' lang='lat' dir='ltr'><strong>gra-</strong></span> 
     </span>
     <span class='ocr_line' id='line_1_16' title="bbox 227 1879 1230 1982; baseline 0.003 -30"><span class='ocrx_word' id='word_1_99' title='bbox 227 1884 363 1952; x_wconf 87' lang='lat' dir='ltr'><em>tiarum</em></span> <span class='ocrx_word' id='word_1_100' title='bbox 403 1885 560 1956; x_wconf 86' lang='lat' dir='ltr'><em>actione</em></span> <span class='ocrx_word' id='word_1_101' title='bbox 603 1879 720 1953; x_wconf 82' lang='lat' dir='ltr'><strong>verba</strong></span> <span class='ocrx_word' id='word_1_102' title='bbox 762 1879 917 1974; x_wconf 86' lang='lat' dir='ltr'><em>fecisse,</em></span> <span class='ocrx_word' id='word_1_103' title='bbox 958 1901 1050 1982; x_wconf 87' lang='lat' dir='ltr'>quot</span> <span class='ocrx_word' id='word_1_104' title='bbox 1093 1880 1230 1955; x_wconf 82' lang='lat' dir='ltr'><em>fecisse</em></span> 
     </span>
     <span class='ocr_line' id='line_1_17' title="bbox 227 1981 1230 2055; baseline 0.002 -5"><span class='ocrx_word' id='word_1_105' title='bbox 227 1996 425 2050; x_wconf 86' lang='lat' dir='ltr'><em>auctorem</em></span> <span class='ocrx_word' id='word_1_106' title='bbox 450 1998 601 2055; x_wconf 85' lang='lat' dir='ltr'><em>nostrae</em></span> <span class='ocrx_word' id='word_1_107' title='bbox 628 1981 812 2051; x_wconf 84' lang='lat' dir='ltr'><em>orationis</em></span> <span class='ocrx_word' id='word_1_108' title='bbox 840 1981 1024 2055; x_wconf 76' lang='lat' dir='ltr'><em>videmus.</em></span> <span class='ocrx_word' id='word_1_109' title='bbox 1056 1982 1230 2054; x_wconf 78' lang='lat' dir='ltr'><em>,Emesse</em></span> 
     </span>
    </p>
   </div>
   <div class='ocr_carea' id='block_1_5' title="bbox 224 2073 1274 2177">
    <p class='ocr_par' dir='ltr' id='par_1_5' title="bbox 224 2073 1274 2177">
     <span class='ocr_line' id='line_1_18' title="bbox 224 2073 1274 2177; baseline 0.004 -31"><span class='ocrx_word' id='word_1_110' title='bbox 224 2079 405 2148; x_wconf 82' lang='lat' dir='ltr'><em>nimirum</em></span> <span class='ocrx_word' id='word_1_111' title='bbox 448 2073 506 2149; x_wconf 85' lang='lat' dir='ltr'><em>in¹</em></span> <span class='ocrx_word' id='word_1_112' title='bbox 531 2076 608 2150; x_wconf 88' lang='lat' dir='ltr'><em>hoc</em></span> <span class='ocrx_word' id='word_1_113' title='bbox 651 2077 870 2150; x_wconf 86' lang='lat' dir='ltr'><em>Wormium</em></span> <span class='ocrx_word' id='word_1_114' title='bbox 914 2087 1022 2177; x_wconf 83' lang='lat' dir='ltr'><strong>(pag.</strong></span> <span class='ocrx_word' id='word_1_115' title='bbox 1067 2083 1148 2176; x_wconf 89' lang='lat'><em>20.)</em></span> <span class='ocrx_word' id='word_1_116' title='bbox 1192 2095 1229 2150; x_wconf 91' lang='lat' dir='ltr'><em>et</em></span> <span class='ocrx_word' id='word_1_117' title='bbox 1268 2081 1274 2086; x_wconf 78' lang='grc'><strong>’</strong></span> 
     </span>
    </p>
   </div>
   <div class='ocr_carea' id='block_1_6' title="bbox 124 2171 1229 4132">
    <p class='ocr_par' dir='ltr' id='par_1_6' title="bbox 124 2171 1229 4132">
     <span class='ocr_line' id='line_1_19' title="bbox 124 2171 1228 2277; baseline -0.004 -27"><span class='ocrx_word' id='word_1_118' title='bbox 124 2171 128 2180; x_wconf 78' lang='grc'><strong>’</strong></span> <span class='ocrx_word' id='word_1_119' title='bbox 220 2171 439 2250; x_wconf 79' lang='lat' dir='ltr'><em>Weiskium</em></span> <span class='ocrx_word' id='word_1_120' title='bbox 471 2179 576 2272; x_wconf 76' lang='lat' dir='ltr'><strong>(pag.</strong></span> <span class='ocrx_word' id='word_1_121' title='bbox 603 2179 684 2270; x_wconf 81' lang='grc'>47.)</span> <span class='ocrx_word' id='word_1_122' title='bbox 715 2195 823 2274; x_wconf 88' lang='lat' dir='ltr'>puto,</span> <span class='ocrx_word' id='word_1_123' title='bbox 851 2181 919 2277; x_wconf 92' lang='lat' dir='ltr'><em>qui</em></span> <span class='ocrx_word' id='word_1_124' title='bbox 946 2177 996 2249; x_wconf 92' lang='lat' dir='ltr'><em>de</em></span> <span class='ocrx_word' id='word_1_125' title='bbox 1020 2179 1098 2262; x_wconf 78' lang='lat' dir='ltr'><em>istis</em></span> <span class='ocrx_word' id='word_1_126' title='bbox 1126 2180 1228 2274; x_wconf 81' lang='lat' dir='ltr'><em>cogi-</em></span> 
     </span>
     <span class='ocr_line' id='line_1_20' title="bbox 186 2269 1229 2385; baseline -0.005 -39"><span class='ocrx_word' id='word_1_127' title='bbox 186 2348 188 2353; x_wconf 70' lang='grc'>,</span> <span class='ocrx_word' id='word_1_128' title='bbox 224 2289 371 2354; x_wconf 76' lang='lat' dir='ltr'><em>terunt:</em></span> <span class='ocrx_word' id='word_1_129' title='bbox 417 2269 565 2365; x_wconf 78' lang='lat' dir='ltr'><em>(samm.</em></span> <span class='ocrx_word' id='word_1_130' title='bbox 598 2273 661 2364; x_wconf 79' lang='lat' dir='ltr'><em>IV,</em></span> <span class='ocrx_word' id='word_1_131' title='bbox 695 2277 750 2385; x_wconf 79' lang='grc'><em>4.)</em></span> <span class='ocrx_word' id='word_1_132' title='bbox 784 2275 963 2372; x_wconf 78' lang='lat' dir='ltr'><em>pluribus</em></span> <span class='ocrx_word' id='word_1_133' title='bbox 1000 2275 1131 2346; x_wconf 79' lang='lat' dir='ltr'><em>verbis</em></span> <span class='ocrx_word' id='word_1_134' title='bbox 1163 2301 1185 2342; x_wconf 81' lang='lat' dir='ltr'><em>e</em></span> <span class='ocrx_word' id='word_1_135' title='bbox 1213 2276 1229 2342; x_wconf 91' lang='lat' dir='ltr'><em>i</em></span> 
     </span>
     <span class='ocr_line' id='line_1_21' title="bbox 226 2300 1228 2472; baseline -0.005 -28"><span class='ocrx_word' id='word_1_136' title='bbox 226 2369 391 2444; x_wconf 81' lang='lat' dir='ltr'><em>Caesari</em></span> <span class='ocrx_word' id='word_1_137' title='bbox 412 2375 579 2468; x_wconf 76' lang='lat' dir='ltr'><em>gracias.</em></span> <span class='ocrx_word' id='word_1_138' title='bbox 631 2368 692 2441; x_wconf 88' lang='lat' dir='ltr'><em>Ad</em></span> <span class='ocrx_word' id='word_1_139' title='bbox 749 2397 820 2444; x_wconf 89' lang='lat' dir='ltr'><em>uae</em></span> <span class='ocrx_word' id='word_1_140' title='bbox 853 2371 1028 2472; x_wconf 85' lang='lat' dir='ltr'><em>quidem,</em></span> <span class='ocrx_word' id='word_1_141' title='bbox 1061 2374 1091 2443; x_wconf 91' lang='lat' dir='ltr'><em>si</em></span> <span class='ocrx_word' id='word_1_142' title='bbox 1119 2300 1228 2440; x_wconf 37' lang='lat' dir='ltr'><em>Wil-</em></span> 
     </span>
     <span class='ocr_line' id='line_1_22' title="bbox 222 2395 1225 2570; baseline -0.001 -35"><span class='ocrx_word' id='word_1_143' title='bbox 222 2465 554 2561; x_wconf 72' lang='lat' dir='ltr'><em>fiuscogitatione</em></span> <span class='ocrx_word' id='word_1_144' title='bbox 580 2395 868 2546; x_wconf 53' lang='lat' dir='ltr'><em>addi&#39;vcfluisset</em></span> <span class='ocrx_word' id='word_1_145' title='bbox 892 2496 1034 2570; x_wconf 83' lang='lat' dir='ltr'><em>„quam</em></span> <span class='ocrx_word' id='word_1_146' title='bbox 1059 2471 1139 2564; x_wconf 86' lang='lat' dir='ltr'><em>ipsa</em></span> <span class='ocrx_word' id='word_1_147' title='bbox 1166 2487 1225 2537; x_wconf 85' lang='lat' dir='ltr'><em>res</em></span> 
     </span>
     <span class='ocr_line' id='line_1_23' title="bbox 222 2560 1227 2664; baseline 0 -28"><span class='ocrx_word' id='word_1_148' title='bbox 222 2560 460 2664; x_wconf 77' lang='lat' dir='ltr'><strong>postulabat,</strong></span> <span class='ocrx_word' id='word_1_149' title='bbox 495 2589 564 2638; x_wconf 89' lang='lat' dir='ltr'><em>seu</em></span> <span class='ocrx_word' id='word_1_150' title='bbox 597 2589 713 2663; x_wconf 87' lang='lat' dir='ltr'><em>quam</em></span> <span class='ocrx_word' id='word_1_151' title='bbox 748 2563 892 2639; x_wconf 78' lang='lat' dir='ltr'><em>factum</em></span> <span class='ocrx_word' id='word_1_152' title='bbox 926 2585 1005 2638; x_wconf 86' lang='lat' dir='ltr'><em>erat</em></span> <span class='ocrx_word' id='word_1_153' title='bbox 1035 2590 1058 2634; x_wconf 92' lang='lat' dir='ltr'><strong>a</strong></span> <span class='ocrx_word' id='word_1_154' title='bbox 1090 2563 1227 2636; x_wconf 87' lang='lat' dir='ltr'><em>ceteris</em></span> 
     </span>
     <span class='ocr_line' id='line_1_24' title="bbox 222 2657 1225 2765; baseline -0.008 -27"><span class='ocrx_word' id='word_1_155' title='bbox 222 2660 512 2755; x_wconf 79' lang='lat' dir='ltr'><em>aenatoribus,“</em></span> <span class='ocrx_word' id='word_1_156' title='bbox 541 2667 744 2764; x_wconf 50' lang='lat' dir='ltr'><em>,quoniam</em></span> <span class='ocrx_word' id='word_1_157' title='bbox 792 2665 833 2736; x_wconf 93' lang='lat' dir='ltr'><em>id</em></span> <span class='ocrx_word' id='word_1_158' title='bbox 876 2671 1052 2765; x_wconf 81' lang='lat' dir='ltr'><em>ineptum¹</em></span> <span class='ocrx_word' id='word_1_159' title='bbox 1089 2657 1225 2752; x_wconf 80' lang='lat' dir='ltr'><strong>habet,</strong></span> 
     </span>
     <span class='ocr_line' id='line_1_25' title="bbox 223 2755 1227 2857; baseline -0.001 -27"><span class='ocrx_word' id='word_1_160' title='bbox 223 2763 454 2840; x_wconf 74' lang='lat' dir='ltr'><em>Ciceronem</em></span> <span class='ocrx_word' id='word_1_161' title='bbox 491 2760 698 2836; x_wconf 76' lang='lat' dir='ltr'><em>iudicasset</em></span> <span class='ocrx_word' id='word_1_162' title='bbox 739 2761 805 2835; x_wconf 90' lang='lat' dir='ltr'><em>illo</em></span> <span class='ocrx_word' id='word_1_163' title='bbox 855 2763 918 2839; x_wconf 89' lang='lat' dir='ltr'><em>die</em></span> <span class='ocrx_word' id='word_1_164' title='bbox 963 2785 1054 2835; x_wconf 82' lang='lat' dir='ltr'><em>vere</em></span> <span class='ocrx_word' id='word_1_165' title='bbox 1095 2755 1227 2857; x_wconf 83' lang='lat' dir='ltr'><strong>paullo</strong></span> 
     </span>
     <span class='ocr_line' id='line_1_26' title="bbox 220 2857 1225 2958; baseline -0.005 -26"><span class='ocrx_word' id='word_1_166' title='bbox 220 2860 387 2955; x_wconf 86' lang='lat' dir='ltr'><em>ineptius</em></span> <span class='ocrx_word' id='word_1_167' title='bbox 413 2861 553 2956; x_wconf 81' lang='lat' dir='ltr'><em>egisse3</em></span> <span class='ocrx_word' id='word_1_168' title='bbox 575 2885 654 2958; x_wconf 89' lang='lat' dir='ltr'><em>quo</em></span> <span class='ocrx_word' id='word_1_169' title='bbox 680 2857 784 2934; x_wconf 86' lang='lat' dir='ltr'><strong>facto</strong></span> <span class='ocrx_word' id='word_1_170' title='bbox 804 2881 972 2942; x_wconf 73' lang='lat' dir='ltr'><em>nostram</em></span> <span class='ocrx_word' id='word_1_171' title='bbox 998 2860 1225 2946; x_wconf 82' lang='lat' dir='ltr'><em>orationem,</em></span> 
     </span>
     <span class='ocr_line' id='line_1_27' title="bbox 222 2955 1227 3056; baseline 0.001 -32"><span class='ocrx_word' id='word_1_172' title='bbox 222 2980 340 3054; x_wconf 84' lang='lat' dir='ltr'><em>quem</em></span> <span class='ocrx_word' id='word_1_173' title='bbox 365 2955 501 3028; x_wconf 84' lang='lat' dir='ltr'><em>itidem</em></span> <span class='ocrx_word' id='word_1_174' title='bbox 525 2961 696 3055; x_wconf 82' lang='lat' dir='ltr'><em>ineptam</em></span> <span class='ocrx_word' id='word_1_175' title='bbox 718 2957 897 3056; x_wconf 78' lang='lat' dir='ltr'><strong>appellat,</strong></span> <span class='ocrx_word' id='word_1_176' title='bbox 926 2962 1062 3039; x_wconf 81' lang='lat' dir='ltr'><em>einen</em></span> <span class='ocrx_word' id='word_1_177' title='bbox 1083 2957 1227 3054; x_wconf 68' lang='lat' dir='ltr'><em>posuis-</em></span> 
     </span>
     <span class='ocr_line' id='line_1_28' title="bbox 220 3035 1226 3156; baseline -0.007 -29"><span class='ocrx_word' id='word_1_178' title='bbox 220 3067 282 3128; x_wconf 85' lang='lat' dir='ltr'><em>set·</em></span> <span class='ocrx_word' id='word_1_179' title='bbox 296 3035 528 3145; x_wconf 74' lang='lat' dir='ltr'><em>abiudicare,</em></span> <span class='ocrx_word' id='word_1_180' title='bbox 547 3074 588 3125; x_wconf 89' lang='lat' dir='ltr'><em>ut</em></span> <span class='ocrx_word' id='word_1_181' title='bbox 600 3053 812 3151; x_wconf 64' lang='lat' dir='ltr'><em>indignam</em></span> <span class='ocrx_word' id='word_1_182' title='bbox 831 3083 965 3130; x_wconf 82' lang='lat' dir='ltr'><em>verum</em></span> <span class='ocrx_word' id='word_1_183' title='bbox 979 3081 1094 3156; x_wconf 82' lang='lat' dir='ltr'><em>quam</em></span> <span class='ocrx_word' id='word_1_184' title='bbox 1109 3053 1226 3124; x_wconf 72' lang='lat' dir='ltr'><em>maxi—</em></span> 
     </span>
     <span class='ocr_line' id='line_1_29' title="bbox 219 3147 1227 3254; baseline -0.006 -28"><span class='ocrx_word' id='word_1_185' title='bbox 219 3177 285 3226; x_wconf 88' lang='lat' dir='ltr'><em>me</em></span> <span class='ocrx_word' id='word_1_186' title='bbox 296 3150 532 3227; x_wconf 71' lang='lat' dir='ltr'><em>adiudicare</em></span> <span class='ocrx_word' id='word_1_187' title='bbox 552 3151 760 3254; x_wconf 64' lang='lat' dir='ltr'><em>debeisset‚</em></span> <span class='ocrx_word' id='word_1_188' title='bbox 786 3173 829 3228; x_wconf 90' lang='lat' dir='ltr'><em>ut</em></span> <span class='ocrx_word' id='word_1_189' title='bbox 849 3160 945 3245; x_wconf 88' lang='lat' dir='ltr'><em>viro,</em></span> <span class='ocrx_word' id='word_1_190' title='bbox 973 3147 1227 3254; x_wconf 88' lang='lat' dir='ltr'><em>quemadmo-</em></span> 
     </span>
     <span class='ocr_line' id='line_1_30' title="bbox 220 3248 1227 3353; baseline -0.005 -29"><span class='ocrx_word' id='word_1_191' title='bbox 220 3251 313 3324; x_wconf 90' lang='lat' dir='ltr'><em>dum</em></span> <span class='ocrx_word' id='word_1_192' title='bbox 334 3248 507 3353; x_wconf 78' lang='lat' dir='ltr'><em>seseillo</em></span> <span class='ocrx_word' id='word_1_193' title='bbox 529 3248 594 3334; x_wconf 86' lang='lat' dir='ltr'><em>die</em></span> <span class='ocrx_word' id='word_1_194' title='bbox 611 3254 769 3351; x_wconf 80' lang='lat' dir='ltr'><em>gessisse</em></span> <span class='ocrx_word' id='word_1_195' title='bbox 789 3253 992 3342; x_wconf 85' lang='lat' dir='ltr'><em>videretur,</em></span> <span class='ocrx_word' id='word_1_196' title='bbox 1013 3265 1227 3349; x_wconf 83' lang='lat' dir='ltr'><em>congruen-</em></span> 
     </span>
     <span class='ocr_line' id='line_1_31' title="bbox 176 3345 1226 3449; baseline -0.007 -25"><span class='ocrx_word' id='word_1_197' title='bbox 176 3439 178 3443; x_wconf 18' lang='grc' dir='ltr'>ι</span> <span class='ocrx_word' id='word_1_198' title='bbox 218 3353 413 3425; x_wconf 81' lang='lat' dir='ltr'><em>tissimam.</em></span> <span class='ocrx_word' id='word_1_199' title='bbox 470 3353 556 3423; x_wconf 87' lang='lat' dir='ltr'><em>Nec</em></span> <span class='ocrx_word' id='word_1_200' title='bbox 582 3373 673 3423; x_wconf 85' lang='lat' dir='ltr'><em>vero</em></span> <span class='ocrx_word' id='word_1_201' title='bbox 701 3348 859 3433; x_wconf 82' lang='lat' dir='ltr'><em>dubium</em></span> <span class='ocrx_word' id='word_1_202' title='bbox 885 3372 958 3441; x_wconf 87' lang='lat' dir='ltr'><em>est,</em></span> <span class='ocrx_word' id='word_1_203' title='bbox 996 3352 1102 3449; x_wconf 88' lang='lat' dir='ltr'><em>quin.</em></span> <span class='ocrx_word' id='word_1_204' title='bbox 1125 3345 1226 3418; x_wconf 80' lang='lat' dir='ltr'><em>illius</em></span> 
     </span>
     <span class='ocr_line' id='line_1_32' title="bbox 219 3445 1227 3550; baseline -0.007 -27"><span class='ocrx_word' id='word_1_205' title='bbox 219 3453 433 3523; x_wconf 80' lang='lat' dir='ltr'><em>sententiae</em></span> <span class='ocrx_word' id='word_1_206' title='bbox 457 3445 543 3530; x_wconf 84' lang='lat' dir='ltr'><em>fons</em></span> <span class='ocrx_word' id='word_1_207' title='bbox 563 3447 677 3521; x_wconf 78' lang='lat' dir='ltr'><em>fuerit</em></span> <span class='ocrx_word' id='word_1_208' title='bbox 698 3452 817 3550; x_wconf 83' lang='lat' dir='ltr'><em>ipsius</em></span> <span class='ocrx_word' id='word_1_209' title='bbox 839 3453 1026 3522; x_wconf 85' lang='lat' dir='ltr'><em>orationis</em></span> <span class='ocrx_word' id='word_1_210' title='bbox 1046 3448 1139 3543; x_wconf 87' lang='lat' dir='ltr'><strong>Gap.</strong></span> <span class='ocrx_word' id='word_1_211' title='bbox 1161 3445 1227 3516; x_wconf 85' lang='lat' dir='ltr'><em>XI.</em></span> 
     </span>
     <span class='ocr_line' id='line_1_33' title="bbox 217 3545 1228 3649; baseline -0.008 -29"><span class='ocrx_word' id='word_1_212' title='bbox 217 3550 430 3644; x_wconf 64' lang='lat' dir='ltr'><em>Maximus</em></span> <span class='ocrx_word' id='word_1_213' title='bbox 454 3547 531 3620; x_wconf 78' lang='lat' dir='ltr'><em>sibi</em></span> <span class='ocrx_word' id='word_1_214' title='bbox 554 3571 691 3620; x_wconf 85' lang='lat' dir='ltr'><em>omnes</em></span> <span class='ocrx_word' id='word_1_215' title='bbox 713 3551 870 3649; x_wconf 72' lang='lat' dir='ltr'><em>gratias</em></span> <span class='ocrx_word' id='word_1_216' title='bbox 894 3553 1068 3647; x_wconf 72' lang='lat' dir='ltr'><em>agimus,</em></span> <span class='ocrx_word' id='word_1_217' title='bbox 1101 3545 1228 3614; x_wconf 82' lang='lat' dir='ltr'><em>maio-</em></span> 
     </span>
     <span class='ocr_line' id='line_1_34' title="bbox 217 3641 1228 3732; baseline -0.007 -17"><span class='ocrx_word' id='word_1_218' title='bbox 217 3671 279 3718; x_wconf 69' lang='lat' dir='ltr'><em>ees</em></span> <span class='ocrx_word' id='word_1_219' title='bbox 294 3647 429 3716; x_wconf 75' lang='lat' dir='ltr'><em>etiam</em></span> <span class='ocrx_word' id='word_1_220' title='bbox 454 3645 662 3732; x_wconf 72' lang='lat' dir='ltr'><em>habemus</em></span> <span class='ocrx_word' id='word_1_221' title='bbox 715 3649 824 3720; x_wconf 83' lang='lat' dir='ltr'><em>Nam</em></span> <span class='ocrx_word' id='word_1_222' title='bbox 849 3667 986 3718; x_wconf 82' lang='lat' dir='ltr'><em>omnes</em></span> <span class='ocrx_word' id='word_1_223' title='bbox 1009 3641 1117 3712; x_wconf 81' lang='lat' dir='ltr'><em>idem</em></span> <span class='ocrx_word' id='word_1_224' title='bbox 1132 3665 1228 3714; x_wconf 67' lang='lat' dir='ltr'><em>sem.</em></span> 
     </span>
     <span class='ocr_line' id='line_1_35' title="bbox 218 3740 1227 3843; baseline -0.006 -31"><span class='ocrx_word' id='word_1_225' title='bbox 218 3745 355 3814; x_wconf 79' lang='lat' dir='ltr'><em>ciunc&#39;.</em></span> <span class='ocrx_word' id='word_1_226' title='bbox 379 3795 392 3820; x_wconf 77' lang='grc'><em>.,</em></span> <span class='ocrx_word' id='word_1_227' title='bbox 410 3795 420 3813; x_wconf 94' lang='grc'><strong>.</strong></span> <span class='ocrx_word' id='word_1_228' title='bbox 439 3742 536 3823; x_wconf 82' lang='lat' dir='ltr'><em>sed,</em></span> <span class='ocrx_word' id='word_1_229' title='bbox 565 3747 663 3843; x_wconf 78' lang='lat' dir='ltr'><em>quia</em></span> <span class='ocrx_word' id='word_1_230' title='bbox 678 3769 771 3815; x_wconf 58' lang='lat' dir='ltr'><em>&#39;non</em></span> <span class='ocrx_word' id='word_1_231' title='bbox 796 3761 855 3815; x_wconf 80' lang='lat' dir='ltr'><em>esc</em></span> <span class='ocrx_word' id='word_1_232' title='bbox 873 3741 1075 3815; x_wconf 72' lang='lat' dir='ltr'><em>stantibus</em></span> <span class='ocrx_word' id='word_1_233' title='bbox 1099 3740 1227 3808; x_wconf 73' lang='lat' dir='ltr'><em>onini-</em></span> 
     </span>
     <span class='ocr_line' id='line_1_36' title="bbox 218 3835 1226 3920; baseline 0.001 -10"><span class='ocrx_word' id='word_1_234' title='bbox 218 3839 289 3910; x_wconf 80' lang='lat' dir='ltr'><em>bus</em></span> <span class='ocrx_word' id='word_1_235' title='bbox 310 3863 468 3920; x_wconf 69' lang='lat' dir='ltr'><em>necesse</em></span> <span class='ocrx_word' id='word_1_236' title='bbox 493 3840 663 3920; x_wconf 65' lang='lat' dir='ltr'><em>dicem„</em></span> <span class='ocrx_word' id='word_1_237' title='bbox 681 3850 798 3912; x_wconf 79' lang='lat' dir='ltr'><em>a&#39;me</em></span> <span class='ocrx_word' id='word_1_238' title='bbox 825 3857 931 3914; x_wconf 76' lang='lat' dir='ltr'><em>carce</em></span> <span class='ocrx_word' id='word_1_239' title='bbox 955 3839 1039 3910; x_wconf 80' lang='lat' dir='ltr'><em>diei</em></span> <span class='ocrx_word' id='word_1_240' title='bbox 1063 3835 1226 3911; x_wconf 72' lang='lat' dir='ltr'><em>melmae,</em></span> 
     </span>
     <span class='ocr_line' id='line_1_37' title="bbox 218 3930 1227 4035; baseline -0.004 -28"><span class='ocrx_word' id='word_1_241' title='bbox 218 3937 286 4010; x_wconf 77' lang='lat' dir='ltr'><em>mi</em></span> <span class='ocrx_word' id='word_1_242' title='bbox 320 3930 472 4008; x_wconf 74' lang='lat' dir='ltr'><em>neeesse</em></span> <span class='ocrx_word' id='word_1_243' title='bbox 507 3953 566 4006; x_wconf 76' lang='lat' dir='ltr'><em>est</em></span> <span class='ocrx_word' id='word_1_244' title='bbox 602 3937 893 4035; x_wconf 70' lang='lat' dir='ltr'><em>quodammode</em></span> <span class='ocrx_word' id='word_1_245' title='bbox 914 3993 924 4010; x_wconf 90' lang='lat'>.</span> <span class='ocrx_word' id='word_1_246' title='bbox 945 3995 953 4011; x_wconf 93' lang='lat'><strong>.</strong></span> <span class='ocrx_word' id='word_1_247' title='bbox 975 3934 1134 4035; x_wconf 52' lang='lat' dir='ltr'><em>{quod</em></span> <span class='ocrx_word' id='word_1_248' title='bbox 1164 3935 1227 4004; x_wconf 84' lang='lat' dir='ltr'><em>M.</em></span> 
     </span>
     <span class='ocr_line' id='line_1_38' title="bbox 218 4031 1228 4132; baseline -0.004 -26"><span class='ocrx_word' id='word_1_249' title='bbox 218 4031 419 4120; x_wconf 70' lang='lat' dir='ltr'><em>Marcelle</em></span> <span class='ocrx_word' id='word_1_250' title='bbox 445 4059 474 4104; x_wconf 80' lang='lat' dir='ltr'><em>a</em></span> <span class='ocrx_word' id='word_1_251' title='bbox 498 4046 541 4104; x_wconf 80' lang='lat' dir='ltr'><em>ta</em></span> <span class='ocrx_word' id='word_1_252' title='bbox 567 4085 637 4108; x_wconf 90' lang='lat'><em>...</em></span> <span class='ocrx_word' id='word_1_253' title='bbox 663 4036 760 4132; x_wconf 79' lang='lat' dir='ltr'><em>reip.</em></span> <span class='ocrx_word' id='word_1_254' title='bbox 792 4036 973 4116; x_wconf 70' lang='lat' dir='ltr'><em>reddito,</em></span> <span class='ocrx_word' id='word_1_255' title='bbox 1009 4033 1228 4132; x_wconf 74' lang='lat' dir='ltr'><em>praecipue</em></span> 
     </span>
    </p>
   </div>
   <div class='ocr_carea' id='block_1_7' title="bbox 1115 4198 1130 4252">
    <p class='ocr_par' dir='ltr' id='par_1_7' title="bbox 1115 4198 1130 4252">
     <span class='ocr_line' id='line_1_39' title="bbox 1115 4198 1130 4252; baseline 0 -49"><span class='ocrx_word' id='word_1_256' title='bbox 1115 4198 1130 4252; x_wconf 52' lang='lat'><em>¹.</em></span> 
     </span>
    </p>
   </div>
   <div class='ocr_carea' id='block_1_8' title="bbox 0 0 1380 4548">
    <p class='ocr_par' dir='ltr' id='par_1_8' title="bbox 0 0 1380 4548">
     <span class='ocr_line' id='line_1_40' title="bbox 0 0 1380 4548; baseline 0 0"><span class='ocrx_word' id='word_1_257' title='bbox 0 0 1380 4548; x_wconf 95' lang='lat' dir='ltr'><em> </em></span> 
     </span>
    </p>
   </div>
  </div>
 </body>
</html>
