2730 4524
1066 349 1108 412 7!

122 517 292 587 iunctum
329 533 386 588 est
419 514 538 588 verbo
575 515 726 595 attulit,
765 515 870 614 quod
903 514 940 592 h.
965 516 990 588 l.
1026 541 1106 590 non

123 618 302 686 aoristum
331 635 399 685 seu
429 616 669 710 praeteritum
704 631 775 702 est,
819 612 888 684 sed
926 635 1104 710 praesens

22 791 23 796 ἵ
120 713 178 778 rei
202 711 410 807 perfectae;
448 734 523 807 qua·
547 723 734 806 potestate
757 714 937 807 proxime
956 712 1107 784 accedit

120 803 170 875 ad
196 805 353 878 alterum
377 831 554 904 praesens
580 805 735 906 offert.'’
771 805 939 880 wolfius.
989 809 1103 878 Wor·

118 905 215 974 mius
249 923 286 976 et
317 902 505 976 Weiskius
541 903 592 974 de
622 903 678 974 his
709 907 814 974 varie
850 909 1101 994 censuerunt3

120 1016 193 1098 ego
214 1025 303 1074 vero
323 1000 507 1072 eiusmodi
526 1018 635 1070 notas
655 1005 811 1073 omnino
832 1005 872 1070 iu
892 1002 948 1074 his
969 1025 1102 1100 quaes·
1185 1037 1189 1044 ·

118 1097 283 1170 tionibus
319 1096 478 1169 leviores
512 1096 647 1167 dicaiu.
696 1102 811 1188 Nam,
838 1101 869 1168 si
888 1103 950 1172 vix
975 1117 1102 1195 potest

88 1212 91 1222 ’
116 1190 217 1283 fieri,
243 1215 286 1267 ut
310 1193 545 1266 declamator
568 1192 682 1262 talem
701 1199 907 1266 orationem
932 1195 1101 1270 scribere

118 1303 261 1385 conans
285 1289 512 1364 vernaculae
536 1313 628 1361 suae
651 1289 803 1388 linguae
821 1310 899 1362 tarn
917 1293 1019 1364 rudis
1038 1297 1097 1385 sit,

115 1405 163 1483 ut¹
192 1407 367 1486 tempora
402 1385 552 1484 prorsus
593 1391 724 1484 inepte
759 1392 905 1483 iungat:
949 1393 980 1460 si
1017 1385 1098 1462 n'on

113 1486 258 1585 inepte,
290 1484 358 1555 sed
383 1502 527 1554 tentum
552 1487 704 1574 „minus
730 1485 959 1556 commode’'
990 1487 1099 1557 iunc-

114 1599 154 1650 ta
184 1601 287 1670 sunt,
331 1597 375 1651 ut
405 1603 490 1652 mea
521 1579 675 1682 quidem
704 1584 836 1677 opinio
868 1601 942 1671 est,
982 1585 1097 1654 etiam

113 1679 295 1749 Ciceroni
332 1675 443 1748 tribul
477 1696 650 1775 possunt,
688 1681 908 1775 praesertim
940 1682 982 1748 in
1013 1701 1096 1751 ora·
1198 1683 1199 1688 ’

112 1778 236 1864 tione,
267 1787 372 1874 ‘quae
402 1774 573 1846 videatur
589 1771 725 1846 'omnis
750 1774 879 1872 paullo
904 1775 1119 1873 negligen··

112 1875 186 1942 tius
215 1878 362 1972 scri-pta.
424 1871 517 1958 Sed,
556 1876 636 1966 (tiu
668 1871 794 1942 audeo
821 1872 968 1963 dicere,
1006 1897 1095 1944 cum
1191 1919 1195 1929 -

111 1966 220 2040 loeus
247 1973 282 2040 ei
305 1972 386 2038 viro
414 1967 670 2066 displicuerit),
696 1967 759 2041 sed
785 1992 857 2064 ego
874 1973 914 2040 in
933 1991 980 2042 eo
999 1970 1095 2042 nihil

110 2062 397 2162 prorsus'vid'eo
417 2069 547 2162 inepti.
583 2068 786 2156 Nimirum,
807 2072 883 2162 (res
909 2071 1011 2136 enim
1036 2085 1093 2138 est

110 2161 242 2258 paullo
268 2159 374 2232 altius
391 2161 876 2259 repetenda)·per'sectum,
905 2163 1010 2260 quod
1027 2186 1093 2234 vo·

50 2315 54 2322 .
111 2267 199 2330 cant
223 2263 476 2356 grammatici,
507 2285 605 2330 rent
634 2259 713 2328 sive
737 2263 982 2330 actionem
1002 2281 1092 2355 per·

100 2353 435 2450 feetdmexhibet
464 2353 583 2453 idque
611 2353 688 2430 hoc
719 2353 855 2444 modo,
892 2373 938 2426 ut
957 2378 1090 2428 ueces-

108 2456 209 2523 sario
241 2474 423 2550 praesens
454 2450 637 2551 quiddam
666 2470 863 2550 sequutum
901 2451 1022 2542 velut,
1058 2457 1091 2526 si

110 2548 219 2638 dico,
243 2552 389 2646 scripsi,
416 2551 517 2630 dixi,
546 2568 608 2622 eut
630 2551 665 2644 si,
687 2547 789 2647 apud
813 2551 917 2647 Virg„
938 2551 1088 2623 Aeneas

110 2644 221 2717 dicits
237 2646 325 2738 fuit
342 2645 467 2716 lliumt
494 2648 773 2719 scribendtseu
790 2647 947 2718 dicendi
961 2651 1086 2727 aetio,

106 2741 168 2814 Ilii
199 2745 413 2812 'existentia
438 2743 613 2842 perfecte
646 2740 753 2812 finita
790 2739 1019 2840 significatur
1049 2749 1088 2819 et

91 2919 95 2928 ¹
104 2848 292 2938 praesens
316 2857 433 2912 exstat
454 2844 653 2938 scriptum,
678 2843 891 2920 sententio,
917 2839 993 2910 Ilii
1006 2843 1087 2910 ναῖ’·

106 2961 175 3007 na.
226 2938 273 3005 At
296 2953 386 3007 vero
412 2953 613 3033 tempus}
645 2954 724 3035 quo
750 2940 857 3022 actio
880 2934 1085 3026 scribendi,

108 3030 265 3105 dicendi
291 3051 365 3106 ceti
385 3030 549 3131 perfecta
583 3033 659 3133 esi,
700 3037 867 3134 quamvis
901 3039 1086 3131 saepenu-

105 3141 214 3200 mero
237 3134 416 3226 proxime
446 3131 495 3200 ad
525 3153 701 3228 praesens
738 3129 915 3221 accedat,
958 3149 1086 3201 tamen

108 3249 157 3298 ex
185 3243 319 3298 natura
349 3251 416 3298 sua
449 3224 700 3324 fugacissimo»
721 3232 857 3324 urique
885 3225 942 3298 est
970 3251 1085 3324 prae·

106 3327 293 3409 teritum5·
327 3347 416 3392 nam
446 3326 500 3392 in'·
516 3327 603 3420 ipso·
626 3319 832 3421 piamenti·
862 3347 884 3392 a
915 3319 1085 3392 seriben-

105 3420 160 3490 do
188 3424 450 3520 conquisieram·
468 3420 560 3491 tileo
596 3435 666 3516 oet.
721 3418 853 3518 Atque
870 3417 978 3489 idem
999 3441 1086 3490 nos·

104 3533 187 3588 stro
215 3521 256 3587 in
285 3515 375 3590 loco
405 3514 535 3588 videre
566 3515 673 3607 licet,
710 3519 858 3614 inquo
888 3514 1087 3588 silentium
1193 3582 1195 3588 .

106 3613 262 3712 quidem
291 3613 466 3712 perfecte
486 3614 653 3710 finitum
682 3629 720 3684 et
748 3613 905 3684 dimam·
928 3615 1089 3682 initium

101 3735 284 3810 praesens
313 3710 514 3798 haberium
552 3715 733 3810 temporis
760 3727 887 3782 autern
917 3731 1087 3782 momen·

105 3821 201 3896 tum,
236 3808 344 3906 quod
366 3812 505 3908 ipsunt,
536 3805 781 3880 silentioisto
804 3805 994 3896 liniendo,
1029 3804 1087 3876 di-

106 3904 221 3976 cendi
245 3909 392 3978 initium
419 3903 554 3994 attulit,
590 3925 654 3978 est·
666 3908 944 4005 praeteritum,
976 3903 1089 3998 siqui-

105 4001 262 4074 demin
288 4010 490 4102 praesenti
519 3999 648 4078 orator
672 4005 859 4101 loquitur.
891 4023 908 4051 ·‘
926 4001 967 4073 Si
998 4003 1089 4073 vero
