2730 4524
254 319 345 386 72,

235 487 316 562 .de
351 489 533 587 perfecta
579 488 653 560 itta
695 491 858 560 actione
898 485 1117 568 scribendi,
1158 489 1238 562 sive
1347 542 1350 551 ·

203 588 206 598 '
260 585 311 656 de
335 587 493 657 silentio
508 585 630 683 finito
662 609 744 662 sum
775 583 877 656 aliud
908 574 1097 683 quiddam
1123 611 1240 682 prae-

80 749 82 756 .
111 729 115 764 z
165 749 175 775 ‚‚
261 687 420 753 teritum
450 679 684 754 elocutum:
718 699 792 760 *aut
823 683 880 751 cd
906 679 1058 750 nullum
1088 698 1239 752 certum

181 773 187 796 '
262 783 445 876 temporis
469 795 710 850 momentum
728 779 948 874 respiciens,
973 774 1041 848 sed
1055 773 1150 850 nihil
1165 779 1240 853 nisi

261 875 388 972 ipsum
397 880 657 973 praeteritum
680 878 902 973 exprimens,
928 877 1109 944 noristo
1132 891 1240 946 utor:

262 971 439 1044 Tandem
472 976 605 1067 scripsi
637 968 853 1068 epistolam,
896 993 1011 1070 quam
1046 993 1130 1040 sum
1164 967 1243 1041 hoc

262 1085 435 1166 tempore
473 1069 705 1154 meditutns;
746 1065 952 1137 hodiernus
989 1063 1071 1137 dies
1105 1065 1245 1142 attulit

261 1163 377 1237 finem
400 1161 554 1252 silentii,
587 1188 663 1263 quo
688 1189 772 1234 sum
796 1160 853 1234 his
878 1160 1112 1260 temporibus
1136 1187 1243 1249 usus,·

264 1279 329 1334 aut
352 1263 397 1332 id
414 1265 632 1358 praeterito
657 1261 736 1340 illi,
768 1285 846 1356 quo
872 1265 952 1357 ipso
977 1282 1037 1330 res
1087 1257 1244 1356 erfecta

263 1377 343 1440 est,·
362 1359 547 1454 temporis
570 1373 768 1428 momento
786 1287 1242 1452 urcn'us'quoAEmmodo

263 1471 479 1527 annectens
503 1455 663 1550 eiusque
693 1451 889 1526 antehoc
912 1467 1151 1524 antecessum
1174 1453 1244 1522 de-

262 1555 439 1650 signans5
453 1547 921 1649 plusquamperfecto
940 1564 1045 1618 utor:
1064 1545 1244 1638 Tandem

151 1657 154 1664 '
263 1651 395 1744 scripsi
410 1641 647 1742 epistolam,¹
678 1669 792 1742 quam
821 1669 931 1716 eram
959 1641 1037 1718 hoc
1068 1663 1244 1743 tempore

264 1746 498 1827 meditatus;
534 1738 741 1814 hodiernus
779 1739 857 1812 dies
889 1741 1024 1813 attulit
1051 1739 1168 1816 finem
1195 1744 1243 1812 si-

263 1837 390 1928 lentii,
417 1861 494 1936 quo
519 1863 629 1907 erum
644 1836 702 1910 his
719 1835 952 1936 temporibus
977 1863 1073 1919 usus.
1130 1841 1245 1935 Quae

264 1939 296 2008 ei
321 1939 538 2008 etiamnunc
564 1932 690 2033 eliqua
716 1951 828 2032 egent
853 1931 1151 2026 confirmatione,
1178 1959 1243 2006 ex·

266 2031 393 2131 empla
423 2035 553 2103 nostra
575 2028 785 2130 paullulum
807 2047 1009 2104 mutemus:
1038 2035 1136 2106 Hori
1160 2051 1244 2104 tau·

266 2125 511 2226 demrscripsi
535 2128 749 2228 epistolam,
777 2153 892 2227 quam
917 2154 1028 2201 erum
1051 2126 1125 2201 hoc
1149 2147 1245 2202 tem-

264 2251 361 2326 pore
386 2227 614 2310 meditatum
639 2226 836 2296 hesternus
862 2226 944 2295 dies
967 2224 1106 2296 attulit
1125 2223 1245 2300 finem

265 2323 424 2413 silentii,
450 2345 528 2419 quo
547 2345 657 2392 eram
674 2320 731 2396 his
750 2319 981 2424 temporibus
996 2346 1091 2395 usus.
1129 2325 1245 2396 Nam·

167 2418 170 2423 ’
266 2444 344 2520 que
367 2421 408 2490 in
431 2416 487 2490 his
511 2416 606 2488 nihil
623 2417 798 2516 impedit,
827 2421 1027 2518 quominus
1050 2423 1182 2518 scripsi
1206 2437 1246 2492 et

266 2518 431 2594 attulit,
457 2531 499 2587 ut
523 2533 652 2606 antea,
677 2518 774 2607 vim,
797 2539 878 2589 non
895 2518 1048 2595 coristi,
1073 2515 1142 2590 sed
1156 2542 1245 2614 per·

257 2616 364 2712 fecti
385 2610 569 2700 habeant3
594 2611 661 2686 sed
686 2609 873 2685 vocabula
892 2611 976 2682 heri
993 2628 1032 2685 et
1046 2611 1245 2684 hesternus

266 2713 347 2782 dies
356 2712 482 2808 ipsius,
499 2733 576 2808 quo
591 2729 651 2782 res
661 2709 834 2808 perfecta
848 2725 915 2798 est,
929 2713 1121 2779 momenti
1130 2735 1246 2807 prae·

267 2811 375 2878 teriti
390 2811 644 2880 remotionem
660 2806 796 2888 clarius
809 2807 1021 2904 exprimunt
1040 2823 1153 2904 atque
1171 2808 1244 2899 ita‘,
1289 2801 1293 2817 '
1322 2853 1325 2861 -

268 2905 417 3001 opinor,
430 2926 500 2975 nos
507 2903 884 3002 plusquamperfecto
897 2904 1014 2999 magis
1028 2901 1244 2978 conciliant.

364 2998 483 3091 „Qua
526 3002 673 3071 ratione
715 2999 792 3071 hoc
833 3016 1005 3095 tempore
1049 3002 1247 3098 sapientia

269 3097 444 3170 caesaris.
462 3093 650 3169 ‘laudetur
684 3094 926 3170 incredibilis·
954 3121 1004 3165 ac
1028 3121 1161 3192 paene
1189 3099 1247 3168 di-

268 3200 377 3276 vina,
413 3189 464 3264 idv
496 3190 676 3292 equidem
699 3217 776 3268 me
810 3216 892 3266 non
922 3190 1053 3266 videre
1081 3190 1245 3266 fateor.”

266 3289 439 3366 Wolfius.
501 3291 724 3389 „Sapientia
752 3289 818 3364 hio
850 3291 1018 3364 consistit
1040 3292 1081 3360 in
1114 3289 1249 3362 mode·
1351 3343 1352 3378 s

197 3413 202 3423 ’
267 3393 436 3478 ratione,
480 3412 557 3487 qua
591 3389 733 3462 Caesar
766 3392 862 3460 iram
897 3383 1069 3468 cohibuit
1102 3390 1248 3460 mitem-
1351 3389 1352 3456 l

267 3509 344 3583 que
367 3509 408 3558 se
431 3484 608 3582 praebuit
637 3503 676 3558 et
700 3485 936 3559 clementem.
1006 3484 1107 3582 Ergo
1136 3508 1179 3558 re
1210 3502 1248 3558 et

267 3600 404 3652 natura
427 3607 508 3654 non
530 3579 660 3654 differt
684 3581 823 3656 abillo
845 3587 993 3670 virtute,
1019 3607 1134 3679 quam
1157 3605 1248 3656 auo·

268 3694 330 3749 tor
359 3676 534 3775 pluribus*
569 3679 784 3754 nominibus
821 3675 1039 3778 appellavit,
1076 3678 1142 3754 sed
1167 3697 1249 3750 tan-

267 3793 348 3848 tum
374 3772 503 3872 gradu.
559 3779 660 3848 Nam
682 3781 879 3876 sapientia
902 3778 1092 3866 universe,
1118 3769 1248 3872 σοφία,

99 3959 101 3966 y
181 3911 184 3919 >
264 3894 414 3948 nomen
446 3889 502 3942 est
530 3877 700 3948 summae
732 3875 915 3946 scientiae
945 3888 982 3943 et
1011 3873 1172 3963 virtutis,
1210 3889 1251 3944 et

269 3975 324 4045 sic
350 3972 463 4044 eti'tlm
487 3971 616 4038 tinini
647 3969 961 4066 magnitudinem
990 3984 1029 4045 et
1058 3974 1252 4044 iusticiam

50 4239 796 4480 [mn
