2702 4548
1047 347 1093 397 21

92 523 197 599 illius
222 521 301 596 diei
324 521 591 620 indignitatem
620 522 762 618 scripta
788 523 962 594 oratione
987 535 1097 592 testa-

92 642 174 696 tam
207 642 245 706 et
280 621 329 692 ad
360 617 542 718 posteros'
564 618 795 717 proditam.“
849 618 942 690 Aliis
967 624 1096 690 tamen

93 721 147 792 de
173 721 232 793 his
260 717 369 790 ¹aliter
399 722 519 791 risum
553 735 625 807 est,
670 741 765 816 v.-g.
791 714 983 808 Weiskio,
1029 710 1097 816 qui
1172 735 1177 760 ¹

91 817 146 891 de
171 823 232 888 rei
252 820 456 916 gravitate
475 814 574 886 haec
598 812 733 885 habet:
777 815 978 910 „Quaero,
1005 835 1097 906 num

90 917 245 1016 gravius
274 916 336 1002 sit,
375 915 415 984 P.
448 911 648 1005 Quintium
678 909 891 1010 plebeium,
935 930 974 984 et
1005 913 1101 995 Ros·-

91 1019 199 1087 cium
225 1009 456 1084 comoedum
471 1007 521 1082 de
545 1008 657 1081 bonis
677 1009 907 1108 quibusdam
931 1011 1112 1106 privatis,

90 1109 293 1199 Archiam,
338 1109 533 1180 Graecum
565 1105 779 1198 hominem,
821 1105 883 1182 vel
917 1106 1094 1196 Balbum,

90 1212 325 1306 Hispanum,
366 1203 417 1277 de
451 1208 603 1276 civitate
632 1207 808 1277 Romana
841 1204 1098 1304 periclitatum

59 1329 196 1400 ,esse,
231 1328 349 1405 quam
374 1303 530 1374 Caesari
561 1304 697 1399 gratias
728 1306 914 1401 exquisita
947 1305 1097 1396 ratione

91 1406 176 1502 agi,
216 1401 321 1502 quod
347 1397 588 1498 supplicante
613 1416 748 1470 senatu
775 1419 915 1472 cuncto
941 1403 1097 1498 ignote-

89 1506 142 1574 rit
186 1519 225 1572 et
270 1497 490 1594 dignitatem
531 1499 734 1585 restituerit
770 1501 957 1570 acerrimo
996 1496 1099 1570 hosti

91 1621 184 1685 suo,
230 1593 422 1669 consulari
463 1597 563 1682 viro;
609 1613 647 1666 et
684 1593 853 1666 eundem
892 1597 1098 1668 Caesarem

92 1697 186 1768 neci
208 1685 468 1793 propinquum
502 1709 542 1764 et
564 1690 736 1764 hostibus
769 1692 1048 1765 circumdatum
1074 1717 1097 1764 a

91 1811 200 1866 metu
234 1789 474 1880 insidiarum,
519 1789 1095 1884 audientibus·insidiatoribus,

94 1886 300 1963 excellenti
335 1891 510 1960 oratione
535 1889 733 1961 revocari?
775 1889 871 1988 (pag
914 1891 1000 1982 lu.)
1034 1891 1097 1960 De

89 1991 234 2089 gratia
257 2009 350 2057 vero
378 1984 476 2058 haec
500 1985 665 2056 Wormii
690 1983 925 2084 relegantur:
974 1988 1098 2076 „Cae-

91 2087 170 2158 sari
197 2082 387 2158 eiusmodi
410 2080 603 2172 laudatio,
639 2107 661 2178 a
691 2099 798 2155 tanto
830 2086 911 2154 viro
945 2101 984 2154 et
1015 2108 1100 2156 ora·

92 2188 232 2270 tore,“
276 2181 361 2272 (de.
380 2181 457 2250 istis
489 2199 617 2250 autem
648 2176 762 2252 rebus
795 2178 886 2252 alias
919 2199 984 2252 aut
1010 2203 1099 2253 cum

93 2275 382 2376 improbatione
433 2274 600 2375 quadam
655 2294 721 2347 aut
776 2276 954 2376 ambigue
1002 2277 1098 2349 tadi-

92 2375 211 2450 ba'nte
244 2372 290 2447 cf.
322 2371 450 2445 famm.
483 2375 549 2462 lX,
586 2376 674 2469 16.)
699 2397 778 2464 „eo
810 2394 1099 2474 tempore-non

94 2476 222 2576 potuit
240 2473 321 2543 non
343 2495 425 2543 esse
445 2474 744 2570 acceptissima.“
770 2476 875 2572 (pag.
902 2481 983 2565 27.)
1011 2489 1099 2545 cum
1162 2525 1166 2533 ·

96 2569 231 2669 quibus
256 2569 321 2642 illa
354 2568 456 2642 bene
489 2591 701 2668 congruere
724 2569 903 2643 videntur
927 2574 966 2641 in
1001 2575 1098 2669 epis-

97 2666 174 2740 tola
203 2665 331 2741 samm.
358 2670 419 2757 Vl,
446 2679 498 2759 ot,
531 2665 668 2766 paullo
695 2687 783 2767 post
816 2671 1099 2751 resti-tutionem

95 2762 270 2842 Marcelli
296 2767 454 2863 scripta:
482 2769 798 2838 meamicissime
816 2768 994 2865 quotidie
1013 2793 1098 2838 ma·
1124 2836 1129 2862 ,

94 2868 155 2963 gis
182 2865 331 2938 Caesar
353 2861 618 2956 amplectitur.
674 2863 745 2936 De·
771 2867 828 2936 rei
852 2863 1098 2964 difficultate
1158 2901 1162 2915 f

96 2980 277 3049 nonest,
317 2958 426 3060 quod
450 2957 559 3031 multi
584 2963 715 3032 simus:
755 2965 916 3050 etenim,
952 2964 983 3033 si
1007 2985 1099 3034 tete

96 3056 203 3130 nulla
226 3056 374 3147 luisset,
417 3061 582 3130 non’tot
605 3061 643 3129 in
673 3083 737 3152 ea,
781 3077 877 3161 quot
899 3061 970 3131 viti
995 3057 1100 3132 ducti
1177 3085 1178 3090 ’

98 3157 150 3226 in‘
177 3156 250 3227 hac
289 3159 465 3228 oratione
501 3159 736 3254 vituperant,
781 3160 974 3230 committi
1006 3161 1100 3229 titia

97 3255 321 3352 potuissent.
386 3255 454 3326 His
494 3277 587 3326 vero
631 3260 805 3352 graviora
848 3254 953 3343 sunt,
969 3264 1099 3353 fquae

97 3346 263 3424 wolfius
291 3348 341 3420 de
365 3350 579 3422 voluntate
605 3353 794 3424 Marcelli
823 3354 990 3440 monuit,
1011 3375 1100 3441 nec

28 3467 31 3476 ⁴
100 3446 152 3520 de
170 3469 173 3476 ’
191 3450 234 3519 iis
271 3446 370 3518 haec
403 3445 559 3544 placent
593 3449 777 3521 Wormii:
828 3451 904 3541 „M.
936 3447 1100 3522 Marcel·-

97 3544 179 3618 lum
206 3549 328 3618 otium
366 3562 403 3616 et
434 3543 606 3628 exilium
626 3546 896 3642 Mytilenense,
941 3545 1099 3620 honori-

96 3641 171 3732 bus
195 3661 234 3714 et
255 3646 478 3715 senatoriae
502 3643 691 3740 dignitatis
724 3643 972 3744 amplitudini
998 3649 1099 3717 serio

98 3739 313 3840 praeferam
358 3745 578 3840 patriaque,
613 3743 741 3814 ¹lio-ma
779 3761 818 3815 et
852 3735 1100 3816 familiaribus

101 3863 238 3938 aequo,
256 3842 383 3912 animo
410 3863 554 3930 carere,
581 3840 623 3915 C.
649 3839 854 3914 Marcellus
874 3839 1022 3937 leuton,
1039 3841 1101 3912 Ci-

102 3935 210 4026 cero,
240 3939 433 4038 ceterique
459 3940 681 4031 SenatoreS,
717 3966 803 4013 cum
830 3943 909 4012 eius
934 3938 1101 4012 reditum

103 4035 332 4128 c-Gaesare,
357 4037 399 4110 in
422 4039 584 4128 Senatu,
600 4035 603 4042 ’
617 4037 932 4130 deprecarentur,
966 4039 1030 4110 rix
1054 4057 1101 4111 ae
