2702 4548
269 348 318 400 20

268 517 489 608 lamm.'lV,
515 526 549 603 4.
576 509 794 588 effecimus:
822 533 870 584 eo
898 511 979 602 die,
1005 537 1083 613 quo
1109 505 1284 588 Marcel-

268 618 327 693 lus
354 619 630 704 restitue'retur,
668 639 689 684 a
716 613 909 684 Cicerone
939 615 980 682 in
1006 629 1141 684 senatu
1167 612 1285 686 habi-

270 736 349 792 tem
374 737 457 788 esse
490 717 705 785 orationem
736 711 824 781 satis
855 708 1077 797 verbosam;
1115 711 1284 783 accedi-

270 840 356 888 mus
389 811 441 883 ad
472 837 535 902 ea,
575 833 693 910 quae,
736 809 769 878 si
808 811 931 878 minus
966 804 1019 878 'ex
1055 811 1138 907 ipsa
1175 809 1284 882 illius

271 915 359 985 aevi
383 911 571 988 historia,
601 925 639 978 at
665 929 713 976 ex
738 909 818 975 eius
843 903 1016 976 moribus
1041 903 1283 1003 quibusdam

182 1079 184 1084 ,
257 998 315 1084 'et
338 1009 528 1079 institutis
552 1007 592 1074 in
617 1002 693 1076 hac
719 1025 833 1075 causa
892 1000 1015 1074 rolata
1039 1019 1137 1079 sunt.
1188 1005 1282 1077 Ete-

271 1109 355 1180 nim
379 1100 461 1193 fac,
493 1104 709 1200 inquiunt,¹
732 1096 838 1170 illam
864 1027 1042 1171 babitam
1076 1122 1158 1172 esse
1192 1125 1281 1174 ora·

272 1206 438 1290 tionem,
468 1218 507 1270 at
530 1198 646 1271 scribi
671 1200 840 1296 potuisse
867 1196 1110 1296 denegamus.
1159 1200 1281 1271 Nam·

275 1324 355 1401 que
379 1299 564 1392 „omnino
591 1296 691 1368 duae
716 1314 805 1368 sunt
830 1319 982 1385 causae,
1002 1313 1162 1393 propter
1181 1321 1278 1396 quas

275 1399 425 1497 antiqui
450 1415 622 1468 oratores
650 1396 819 1466 Romani
841 1393 973 1467 litteris
1004 1395 1278 1490 consignarent
1323 1403 1324 1446 l

272 1495 447 1584 forenses
496 1513 535 1565 et
582 1495 794 1564 senatorias
840 1495 1028 1588 actiones,
1081 1489 1276 1594 rebusque

272 1616 392 1692 saepe
415 1589 538 1662 multo
571 1607 661 1660 ante
685 1592 883 1661 transactis
914 1611 985 1688 per
1016 1591 1137 1661 otium
1169 1615 1276 1663 corn-

162 1727 163 1730 *
271 1707 467 1790 ponerent
485 1690 678 1759 orationes
703 1709 800 1758 suas.
850 1687 976 1758 Unam
1003 1710 1157 1759 causam
1184 1685 1277 1760 affe·
1324 1731 1325 1734 =

272 1786 413 1861 rebant
438 1809 497 1858 res
522 1787 665 1882 ipsae,¹
688 1786 719 1854 si
744 1807 923 1882 magnae,
960 1787 991 1857 si
1022 1782 1204 1876 illustreS,
1245 1791 1276 1859 si

275 1883 463 1958 difficiles.
493 1899 658 1954 tractatu
695 1899 836 1973 essent,
881 1885 913 1954 si
945 1886 1098 1982 copiam
1137 1881 1276 1957 darent

198 1989 201 1994 ’
273 2005 364 2082 egre
391 1986 417 2054 ii
446 1981 666 2081 speciminis
705 1977 949 2071 elaborandi,
993 1997 1071 2081 quo
1102 1978 1275 2080 legendo

272 2081 339 2154 alii
366 2009 664 2169 delectarentur,
705 2077 769 2149 alii
800 2077 949 2150 assidue
974 2076 1162 2150 intuendo
1189 2104 1278 2178 pro·

180 2173 184 2180 ’
272 2178 435 2252 licerent
470 2179 512 2247 in
552 2193 650 2266 arte,
693 2177 755 2246 cui
790 2180 956 2249 maxima
987 2173 1055 2247 illo
1095 2195 1277 2276 tempore

252 2278 255 2286 ’
271 2278 445 2376 praemia
469 2276 667 2371 proposita
693 2293 810 2346 erant.
828 2329 836 2347 .
852 2329 860 2346 .
876 2329 890 2370 .‚
912 2277 957 2345 In
983 2267 1275 2350 defensionibus

272 2392 402 2445 autem
429 2374 586 2444 accessit
610 2370 803 2442 interdum
834 2370 936 2443 aliud
961 2371 1156 2445 scribendi
1182 2399 1277 2445 con·

217 2497 218 2506 ,
270 2469 415 2561 silium,
438 2479 572 2570 'quum
607 2470 656 2558 is,
695 2493 811 2637 quem
842 2489 1026 2568 patronus
1053 2470 1277 2546 discrimine
1326 2493 1328 2580 ,

270 2565 450 2651 fortunae
476 2569 691 2666 capitisque
729 2565 948 2660 iberasset„
966 2566 1014 2640 ab
1048 2592 1097 2641 eo
1128 2567 1276 2643 dictam

264 2691 340 2739 seu
363 2670 487 2740 verius
515 2661 753 2738 elaboratam
784 2663 834 2736 de
865 2666 1003 2738 iisdem
1041 2670 1274 2764 argumentis

270 2769 488 2836 orationem
513 2763 660 2861 legere,
704 2782 743 2836 et
775 2767 883 2863 quasi
908 2763 1037 2837 denuo
1062 2761 1138 2834 frui
1161 2767 1278 2838 inno·

271 2866 399 2934 centia
440 2886 509 2933 sua
552 2867 746 2960 cuperet.“
789 2859 930 2955 (Wolf.
956 2887 1043 2961 pag.
1067 2863 1192 2960 XVI.)
1236 2885 1276 2939 et

272 2963 380 3058 (pag.
414 2961 579 3056 XXVI.)
628 2960 885 3050 „Ciceronem
918 2958 977 3128 qq
1000 2957 1075 3032 hac
1104 2983 1147 3032 re
1179 2966 1275 3034 scri-

267 3055 364 3128 bere
401 3055 586 3146 noluisse,
629 3074 747 3156 atque
792 3056 892 3128 adeo
966 3081 1018 3129 on
1057 3061 1274 3156 scripsisse,

266 3152 397 3257 plures
423 3170 510 3226 sunt
534 3155 719 3239 rationes,
754 3177 855 3254 quae
884 3159 1036 3252 penitus
1061 3157 1277 3252 persuade-

267 3269 346 3324 ant.
396 3253 550 3324 Etenim
575 3249 639 3322 hic
664 3248 769 3322 nulla
787 3256 975 3351 reperitur
997 3276 1110 3325 causa
1138 3275 1186 3326 ex
1212 3255 1274 3347 iis,

263 3375 363 3450 quas
395 3375 511 3450 supra
542 3348 750 3440 attulimus,
796 3373 896 3450 quae
931 3348 1039 3423 illum
1068 3349 1276 3450 impellere

264 3451 435 3547 potuerit
460 3446 510 3519 ad
539 3446 803 3536 scribendum
839 3447 947 3520 nulla
973 3452 1031 3518 rei
1058 3455 1273 3548 gravitas,

266 3563 333 3616 aut
357 3545 595 3643 differebat,
637 3563 703 3616 aut
726 3549 867 3644 aliqua
890 3548 1051 3646 gratia,
1091 3570 1168 3620 nec
1201 3545 1276 3619 de·

263 3646 386 3741 nique
410 3642 600 3712 voluntas
624 3642 818 3715 Marcelli
875 3649 941 3744 qui
969 3666 1020 3739 pe
1046 3647 1131 3742 qui,
1172 3646 1275 3718 Cae-

263 3744 357 3813 saris
399 3736 660 3828 clementiam,
708 3743 913 3814 acerrimus
934 3671 1139 3814 filibertum
1178 3766 1275 3840 pro·

261 3855 470 3938 pugnator,
507 3861 584 3909 non
609 3862 790 3936 magnum
817 3861 905 3937 erga
930 3861 972 3910 se
996 3841 1174 3910 meritum
1199 3865 1274 3938 pu·

190 3929 193 3942 ⁴
261 3953 364 4026 tans,
411 3952 450 4007 et
485 3936 526 4026 iq
559 3934 684 4005 reditu
714 3938 841 4034 potius
880 3939 1009 4010 amicis
1042 3939 1117 4010 suis
1155 3934 1275 4011 obse·

262 4057 401 4135 quens,
450 4034 690 4134 iniquissimo
742 4036 873 4107 animo
920 4034 1064 4110 laturus
1112 4031 1269 4130 fuisset,
