2702 4548
1053 303 1120 436 27¹

106 539 227 642 idque
253 559 310 612 est
323 536 442 636 longe
464 537 737 635 gravissimum,
765 533 871 636 quod
890 562 1102 637 argrimum·

79 705 80 708 ,
108 647 236 714 tis'eoe
260 642 348 740 ipsu
372 656 508 709 nostra
538 637 724 705 oratioue
739 639 977 732 *expressis-
994 636 1103 710 hanc

108 743 268 838 quidem
302 737 415 807 illam
447 758 525 806 esse
559 733 782 830 denegant,
817 729 868 803 de
904 756 952 804 eo
989 733 1102 810 nobis

108 836 236 910 adhuc
259 850 431 934 superest
456 832 641 931 quaestio.
696 829 824 996 Atqpie
856 832 898 900 in
927 830 1105 930 hocpri-

107 961 215 1006 mum
247 934 313 1006 illa
348 950 643 1029 percenseamus
680 925 759 1000 Wo
802 930 835 997 i:
892 930 1029 1020 ,Mori
1065 951 1105 1004 et

110 1033 323 1130 elegantiae
358 1029 467 1102 huius
506 1027 639 1098 aetatis
679 1025 912 1096 eontrarium
939 1026 1107 1100 ‘videtur

112 1150 153 1202 et
173 1136 362 1228 ineptum,
405 1125 539 1197 verbis
568 1121 747 1221 pluribus
777 1122 1032 1226 utlaliquem
1063 1130 1112 1198 in,
1196 1141 1199 1150 '

110 1233 315 1326 gratiarum
339 1229 508 1312 actione,
541 1243 656 1319 quam
685 1222 766 1314 ipsa
792 1245 851 1294 res
877 1223 1110 1320 postularet,

109 1328 147 1399 id
184 1347 254 1418 est,
286 1345 329 1398 ut
359 1326 499 1396 Cicero
532 1318 664 1390 dicere
694 1315 807 1408 solet,
839 1322 1105 1410 amplissimis,

108 1425 400 1522 singularibus,
449 1443 517 1490 seu
560 1412 741 1514 pluribus
786 1441 909 1514 quam
942 1419 1108 1512 fartum

108 1542 203 1593 esset
218 1548 245 1590 a
262 1523 402 1614 retegis
417 1513 687 1590 Senatoribus
731 1515 863 1585 Tertio
883 1532 948 1585 aut
968 1532 1106 1615 quarto

110 1634 198 1717 post
223 1616 415 1690 Christum
432 1610 604 1699 saeculo,
622 1608 762 1710 quibus
779 1611 1018 1711 temporibus
1035 1615 1111 1683 Eu·

111 1720 259 1786 menius
287 1735 325 1786 et
347 1714 573 1810 Panegyrici
597 1712 724 1780 Latini
753 1713 947 1802 vixerunt,
973 1715 1015 1782 in
1040 1709 1110 1783 tali

109 1812 201 1886 loco
238 1832 276 1885 et
298 1831 483 1908 ¹tempore
515 1811 697 1882 convenit
726 1811 824 1878 iusta
853 1814 1007 1898 oratio,
1024 1829 1110 1880 non

5 1985 18 1996 ,
112 1915 409 1997 Ciceronianol‘
430 1970 435 1979 .
456 1913 556 2006 (pag.
589 1906 728 1979 XXVI.
760 1908 837 2007 sq.)
898 1910 943 1978 In
970 1903 1114 2006 quibus·

110 2008 226 2081 haec:
253 2013 450 2122 „ineptum
475 2005 644 2092 videtur,
678 2005 810 2076 verbis
838 2005 1025 2102 pluribus·
1052 2010 1110 2076 uti
1144 2047 1148 2058 ·

112 2107 283 2205 aliquem
320 2131 361 2176 1n
400 2107 605 2201 gratiarum
643 2104 814 2190 actione,
868 2123 984 2199 quam
1026 2105 1110 2201 ipsa
1219 2187 1222 2194 Ἴ

112 2229 172 2275 res
192 2201 445 2301 postularet,“
473 2222 628 2285 vereor,
647 2216 691 2268 ut
707 2197 868 2268 multum
892 2196 1045 2272 valeant
1069 2205 1111 2271 in

112 2300 187 2374 hac
213 2323 256 2372 re
276 2295 536 2372 decernenda.
574 2298 686 2384 Nam,
714 2298 805 2393 quia
821 2316 983 2370 nonest
1006 2315 1108 2369 certa

112 2398 201 2496 lege
241 2399 499 2484 constitutum,
527 2410 623 2494 quot
647 2397 731 2492 ipsa
757 2391 971 2466 oratoribus
994 2394 1114 2467 verba

116 2494 283 2570 concedi
347 2496 514 2592 possint,
572 2496 664 2660 quin
720 2490 923 2564 videantur
977 2491 1111 2591 plura,

117 2619 232 2692 quarn
257 2617 317 2664 res
342 2590 527 2691 postulet:
566 2593 676 2661 aiter
698 2594 908 2662 sentientes
933 2593 1016 2660 iure
1042 2613 1114 2662 suo

116 2691 218 2765 hano
247 2690 588 2789 reprehensionem
609 2691 664 2759 ¹in
694 2706 864 2758 nostram
901 2691 1115 2760 orationem

98 2787 257 2864 ,cadere
297 2806 527 2885 pernegant,
569 2803 612 2856 ut
652 2783 846 2856 Weiskius
884 2787 992 2884 (pag.
1034 2787 1116 2880 46.)

117 2884 330 2978 „Concedo
360 2887 535 2984 (etquis
565 2907 647 2953 non
674 2881 910 2980 concedatl)
940 2888 1117 2982 ineptum

118 3009 216 3074 esse,
240 2983 365 3057 verbis
383 2980 555 3082 pluribus
581 2984 637 3054 u'ti
656 2978 826 3080 aliquem
850 2984 890 3052 in
910 2985 1118 3080 gratianum

118 3086 290 3172 actione,
323 3105 439 3181 qnam
470 3103 530 3152 res
560 3103 642 3150 non
668 3079 856 3175 postulet,
888 3079 959 3152 sed
980 3082 1118 3180 patio-

118 3197 203 3250 tur:
239 3181 308 3254 sed
336 3177 455 3260 illam¹
473 3181 644 3275 copiam,
679 3200 755 3274 qua
781 3177 920 3249 Cicero
945 3174 1117 3248 infacto

119 3276 291 3347 Caesaris
318 3274 589 3371 amplificando
614 3293 702 3346 usus
730 3292 802 3365 est,
834 3298 893 3346 res
921 3292 1026 3347 certe
1051 3271 1119 3370 pass

119 3371 345 3447 tie'batur...
370 3371 484 3444 Plura
496 3371 635 3462 ¹verba,
664 3395 782 3470 quarn
806 3374 1015 3454 necessitas
1041 3373 1120 3442 exi-

120 3475 189 3571 git,
213 3496 298 3542 non
323 3468 443 3542 modo
464 3467 655 3558 feruntur,
681 3469 752 3541 sed
769 3473 885 3542 etiam
901 3467 1118 3563 laudantur,

122 3595 208 3644 oum
249 3565 454 3640 videantur
496 3589 635 3639 ornare
678 3565 844 3665 collegii
873 3565 938 3638 vel
975 3566 1120 3640 ordinis

50 3695 53 3700 ·
122 3665 416 3764 amplitudinem
441 3684 491 3738 et
516 3688 655 3762 sugere
688 3669 911 3763 gravitatem
936 3669 1000 3738 rei
1023 3685 1122 3738 trac-

120 3763 307 3839 tstndaell.
351 3768 493 3839 Verum
526 3762 675 3834 additur
707 3761 782 3837 illis
814 3766 956 3837 certior
988 3762 1123 3836 delini·¹

123 3869 194 3936 tio:
227 3861 292 3953 „id
322 3883 396 3946 est:
427 3861 697 3960 amplissimis,
733 3860 1000 3960 singularibus
1028 3887 1122 3931 oer-

124 3961 224 4034 lis.“²
264 3962 374 4053 Dipit
399 3984 491 4060 ergo
522 3962 580 4033 vir
610 3957 674 4050 tt,
693 3956 803 4032 ,hano
829 3950 1034 4059 gratiarum
1059 3959 1123 4028 ac·

75 4143 78 4148 ,
123 4063 271 4132 tionem
294 4059 386 4136 ideo
413 4084 495 4132 non
518 4056 641 4134 videri
665 4056 901 4150 Tullianam,
921 4052 1041 4154 quod
1065 4055 1124 4127 r'ei
