2702 4548
252 333 295 389 10

245 504 304 595 fir,
347 523 390 578 ut
426 529 506 579 non
542 506 661 606 possis
699 503 893 600 dubitare,
937 507 1037 606 quinx
1063 530 1144 580 eam
1174 506 1249 582 bo·
1333 519 1334 532 ²

245 630 332 676 nam
362 623 400 674 et
425 610 630 704 genuinam
656 605 844 680 duxerint.
887 609 1013 706 Atque
1037 607 1137 678 inter
1164 630 1246 699 eos,

245 705 421 784 Asenrrr'o
467 707 673 787 Pedr'nno„
718 727 860 803 nempe
898 703 1076 776 Ciceroni
1118 723 1249 778 aetate
1333 741 1334 794 1

246 804 415 872 omnium
456 806 650 901 proximo,
697 803 906 891 Gesnerus,
950 791 1086 874 barum
1116 827 1248 875 rerum
1333 809 1334 824 ¹

243 899 361 970 iudex
396 898 710 998 locupletissimus
743 917 889 972 tantum
914 897 1060 990 tribuit,
1091 919 1133 972 ut
1157 925 1249 1000 pro·

243 997 455 1095 pemodum
500 999 588 1068 eum
631 996 733 1068 nuile
775 1002 924 1070 ratione
961 995 1041 1071 felli
1075 1003 1247 1096 potuisse
1333 1003 1334 1036 ³

172 1099 173 1104 ’
245 1092 417 1166 affirmet.
469 1098 655 1170 Nimirum
687 1095 784 1172 haec
817 1100 895 1180 eius
920 1101 960 1170 in
986 1121 1029 1169 re
1053 1096 1247 1170 simillima
1333 1161 1334 1164 ,

243 1191 360 1264 verba
403 1213 489 1264 sunt
540 1197 602 1289 (in
639 1197 719 1271 Cio.
758 1213 867 1267 orett.
909 1196 971 1267 IV.
1016 1191 1076 1282 ed,
1122 1192 1243 1280 Wolf.

242 1315 328 1390 pag.
363 1293 555 1364 LXXXV.
581 1317 660 1391 sqq.
673 1295 699 1389 ).
748 1294 919 1382 „Dicam
945 1294 1069 1390 primo
1094 1296 1247 1366 univer·

243 1391 329 1476 sim,
369 1413 437 1462 cur
466 1389 558 1462 mibi
591 1415 672 1464 non
702 1390 876 1466 videatur
934 1388 1123 1481 rubebile,
1168 1389 1246 1464 hoc

242 1490 367 1585 primo
399 1504 437 1558 et
468 1495 644 1584 proximo
678 1514 700 1560 a
730 1491 803 1562 vitu
832 1417 949 1560 'rudit
974 1506 1147 1586 tempore
1173 1513 1245 1587 po-

243 1589 358 1658 tuisse
391 1582 537 1683 equrnd
567 1612 607 1656 1n
641 1585 738 1656 ribus
773 1592 914 1660 nomen
940 1584 1036 1660 falso
1064 1583 1242 1660 conferri.

208 1730 210 1738 ι
241 1679 435 1778 Diligens,
480 1700 522 1754 ut
564 1683 664 1754 inde
701 1686 901 1779 incipiam,
941 1687 973 1756 si
1010 1687 1092 1783 quis
1126 1683 1241 1774 alius,

244 1797 325 1852 crat
364 1779 501 1850 Cicero
535 1783 574 1854 in
605 1785 681 1853 suis
713 1780 818 1854 libris
849 1807 918 1856 sua
952 1785 1060 1880 quasi
1087 1800 1244 1858 moneta

122 1887 126 1894 '
242 1877 435 1970 signandis
480 1874 783 1979 officiendoque,
829 1902 878 1952 ne
917 1904 1052 1976 parum
1088 1878 1155 1960 ilia
1190 1878 1240 1952 ab

244 1971 324 2046 aliis
352 1973 516 2047 discerni
542 1996 708 2073 possent.
759 1977 887 2069 Quam
912 1974 977 2048 ille
1003 2002 1081 2052 non
1107 1975 1243 2056 habuit

245 2075 356 2146 etiarn
380 2071 614 2172 singulorum
649 2075 836 2152 dictorum
863 2099 1017 2152 suerum
1042 2073 1239 2166 fiduciam,

243 2194 344 2271 quae
386 2175 446 2242 ita
478 2192 654 2270 speraret
683 2191 829 2246 notata
858 2199 897 2246 se
929 2173 1150 2272 reliquisse,
1195 2191 1243 2244 ur

242 2271 427 2367 cognosci
472 2294 543 2341 sua
594 2291 732 2370 sponte
776 2275 962 2371 possent?
1022 2272 1137 2368 Epist.
1188 2269 1241 2344 ad

241 2367 346 2438 Fam.
382 2365 463 2456 VII,
496 2379 554 2452 32.
587 2387 625 2440 et
649 2371 721 2453 lx,
764 2381 818 2442 16.
851 2371 974 2440 audio
1007 2369 1239 2454 Caesarem,

242 2481 363 2563 qurrm
389 2466 598 2536 ‘uolumina
632 2469 714 2534 iam
741 2469 957 2561 confeceret
981 2462 1240 2564 (ἰποφθεγμιί-

240 2588 331 2644 rut,
374 2565 409 2632 si
444 2565 553 2662 quod
578 2560 781 2664 ¹afferatur
813 2564 871 2634 ad
900 2589 990 2634 eum
1017 2590 1091 2663 pro
1124 2590 1238 2645 meo,

272 2659 352 2728 nod
392 2685 519 2729 meum
564 2686 645 2730 non
665 2666 758 2739 ·sr't,
799 2665 963 2732 reiicere
999 2661 1123 2732 solere
1165 2678 1238 2734 etc.
1301 2723 1303 2729 .

241 2688 349 2847 guid
385 2756 587 2854 putamus?
623 2780 757 2828 nonne
787 2755 907 2831 multo
940 2761 1054 2854 magis
1085 2761 1240 2832 maiori-

240 2852 312 2932 bus
350 2852 530 2951 operibus
566 2879 630 2927 eas
663 2858 881 2953 imprimere
912 2873 1022 2932 notas
1050 2856 1240 2938 studuisse

240 2955 360 3022 virum
404 2950 590 3024 credibile
634 2971 707 3041 est,
750 2952 886 3052 quibus
928 2951 993 3026 ille
1029 2952 1164 3029 facile*
1188 2952 1237 3026 ab

127 3051 132 3062 '
209 3047 440 3122 'imitatoris
481 3048 640 3122 alicuius
681 3046 925 3124 affectatione
963 3049 1239 3150 distingueren-

239 3145 327 3222 tur?
377 3145 532 3220 Deinde
574 3149 640 3247 qui
682 3146 850 3220 scribere
873 3153 993 3222 'tum
1014 3153 1140 3248 potuit
1169 3173 1237 3242 ea,

238 3269 342 3348 quae
367 3269 438 3346 pro
464 3246 726 3320 Ciceronianis
754 3243 969 3345 approbare
1001 3272 1042 3320 se
1067 3265 1240 3345 speraret

238 3367 367 3443 posse,
399 3342 465 3418 iile
497 3368 545 3418 ne
577 3341 743 3417 facturus
770 3345 926 3443 quidem
949 3343 1028 3416 hoc
1052 3363 1149 3433 erat,
1181 3347 1240 3418 uti
1335 3441 1336 3444 Ἴ

238 3459 317 3515 tam
347 3441 544 3539 praeclara
577 3462 824 3516 monumenta
854 3441 954 3516 ultro
986 3441 1058 3514 sibi
1090 3440 1239 3514 abiudi-
1335 3451 1336 3454 ’

237 3557 405 3630 ouret..,
455 3543 675 3636 Cogitemus
700 3543 816 3615 etiam
839 3538 953 3630 iliud,
980 3541 1119 3616 obiisse
1144 3538 1239 3614 Tul-

238 3634 332 3708 lium
357 3635 492 3708 relicto
518 3638 607 3729 filio,
634 3637 768 3711 relicto
795 3642 952 3728 Tirone,
978 3637 1081 3712 salvo
1104 3640 1237 3710 Attico

234 3758 309 3808 suo
340 3751 380 3806 et
413 3735 583 3810 Varrone
607 3755 647 3809 et
671 3736 797 3812 multis
823 3734 904 3810 aliis
930 3734 991 3807 vel
1015 3738 1147 3810 amicis
1171 3734 1238 3806 vel

235 3829 453 3930 discipulis:
491 3837 715 3931 cogitemus,
754 3837 926 3931 coepisse
955 3851 1036 3906 tum
1061 3837 1154 3909 strui
1178 3831 1238 3906 bi-

238 3929 469 4016 bliothecas,
507 3933 548 4015 in
585 3932 723 4030 quibus
758 3950 1035 4030 reponerentur
1063 3930 1125 4004 vel
1155 3937 1237 4002 rua-

236 4031 342 4103 xime
371 4025 550 4115 Tulliana
582 4028 796 4119 volumnia,
832 4025 949 4115 fuisse
983 4029 1161 4106 tabernas
1184 4011 1238 4104 b-
