2702 4548
193 392 204 402 .
265 333 309 397 16

264 516 459 592 eiusmodi
476 513 725 615 colligentes,
766 511 816 586 de
844 515 889 586 iis
918 513 1045 587 rebus.
1062 515 1141 588 sibi
1159 518 1264 590 iudi·

263 621 365 690 cium
391 612 621 713 arrogabant
645 632 700 700 et,
738 636 838 710 quae
862 610 985 710 proba
1011 636 1260 709 censuerant,

261 734 343 788 tum
381 713 461 784 aliis
494 709 809 784 commendantes
838 728 919 780 tum
942 713 984 781 in
1007 712 1177 808 ipsorum
1203 712 1263 786 bi·

204 837 207 854 ·
262 810 464 884 bliothecis
489 826 736 907 reponentes,
769 805 922 880 fraudes
946 810 986 878 in
1011 806 1116 881 libris
1141 835 1262 910 quam

259 912 426 982 maxime
451 904 654 1004 augebant.
703 903 905 1004 Siquidem
928 899 1072 988 factum
1099 924 1155 980 est
1178 907 1262 982 hoc

259 1005 399 1096 modo,
431 1023 475 1076 ut
499 1001 711 1076 adulterina
734 1027 814 1073 non
839 1005 916 1076 iam
941 1025 1262 1080 conservarentur

241 1103 423 1192 solum,
446 1100 515 1174 sed
550 1104 679 1191 etiam,
705 1117 847 1196 utpote·
865 1103 907 1170 in
958 1103 1104 1174 enuinis
1129 1101 1260 1177 multis

260 1201 310 1272 ab
344 1202 542 1298 ipsiusque
580 1200 778 1270 Ciceronis
815 1125 1040 1297 aequalibus
1071 1195 1257 1298 reposita,

259 1301 371 1373 sicuti
414 1295 496 1368 aliis
539 1295 733 1385 omnibus,
774 1297 942 1368 Asconio
980 1313 1111 1367 nostro
1149 1297 1259 1372 bona

286 1398 502 1494 enuinaque
544 1394 775 1498 viderentur·
804 1433 853 1450 --
894 1394 966 1464 nisi
1004 1389 1121 1486 forte,
1166 1420 1258 1470 cum

257 1422 504 1581 bastoniam,
554 1494 784 1588 Augustum,
832 1492 1001 1564 Atticum
1050 1491 1100 1565 de
1146 1491 1256 1566 libris

249 1590 567 1692 *praeclarissimis
622 1583 874 1687 ipsorumque
926 1606 1050 1660 aetate
1089 1592 1257 1689 'scriptis

251 1688 361 1760 ¹adeo
395 1685 589 1761 dubitasse
616 1685 812 1758 videamus
843 1703 882 1756 et
909 1707 1069 1777 errasse,
1106 1685 1257 1760 bonum

257 1791 371 1861 istum
420 1787 708 1882 grammaticum
755 1781 834 1854 hoc
871 1780 1032 1856 valuisse
1075 1790 1256 1858 acumine
1333 1815 1334 1820 ¹

256 1875 451 1986 putemus,
494 1900 537 1953 ut
576 1880 626 1953 de
667 1878 773 1951 libris
814 1898 975 1954 centum,
1008 1898 1098 1954 ante
1141 1886 1255 1957 annis

256 1983 404 2081 scriptis
429 1983 471 2051 in
496 2002 664 2052 errorem
689 1977 822 2050 induci
845 1976 969 2052 nullus
994 1996 1135 2076 posset.

352 2076 431 2152 Sed
468 2075 767 2175 „superfuerunt
794 2075 1044 2168 iudiciorum,
1088 2081 1129 2147 in
1168 2081 1254 2177 qui-

255 2177 328 2253 bus
365 2195 495 2274 egerat
538 2178 698 2264 Cicero,
744 2177 1029 2265 commentarii,
1075 2173 1128 2246 ab'
1164 2178 1253 2272 ipso

254 2279 422 2353 Asconio
455 2271 633 2362 adhibiti,
674 2290 761 2345 acta
792 2273 910 2344 etiam*
936 2272 1096 2346 senatus
1128 2290 1167 2344 et
1189 2250 1283 2343 ur-⁰

254 2373 402 2446 bana.“
450 2372 789 2452 Verumenimvero
818 2367 918 2442 haec
950 2387 1014 2440 aut
1045 2371 1125 2442 non'
1159 2373 1255 2443 inte-

254 2497 323 2572 gra
347 2466 628 2567 superfuerunt,
668 2486 732 2538 aut
761 2470 944 2540 Asconius
960 2471 1023 2539 ‘ea'
1046 2491 1127 2540 non
1150 2491 1253 2539 sem·
1332 2521 1333 2540 r

253 2594 327 2671 per
350 2568 454 2642 adiit.
504 2565 624 2639 Aliter
641 2568 758 2637 'enim
788 2589 869 2636 non
897 2561 1109 2672 intelligis,¹
1130 2585 1253 2662 quare
1332 2573 1333 2600 ¹

253 2673 483 2761 (comment.
508 2668 551 2736 in
576 2682 668 2735 orat.
691 2680 825 2735 contra
844 2666 885 2732 L.
903 2665 1083 2734 Pisonem
1104 2687 1248 2762 argum.

254 2785 295 2840 et
325 2784 459 2836 contra
484 2763 527 2834 C.
552 2765 640 2834 Ant.
667 2780 704 2833 et
727 2764 768 2833 L.
795 2757 926 2849 Catil.)
965 2758 1187 2832 dissentiens
1225 2785 1250 2832 a

251 2860 465 2940 Fenestella
502 2883 609 2932 suam
641 2861 870 2930 sententiam
889 2863 981 2928 'non
1005 2856 1158 2928 illorum
1184 2883 1251 2928 au-

253 2965 430 3034 ctoritate
453 2945 723 3028 unice'veram
748 2954 1033 3043 demonstrarit3
1057 2954 1141 3028 -sed
1167 2974 1251 3027 tan·
1332 2941 1333 2974 ³

251 3077 332 3134 tum
356 3075 398 3128 ut
421 3055 494 3128 sibi
516 3052 818 3126 verisimiliorem
843 3055 1023 3150 posuerit.
1058 3052 1248 3143 nocent,

251 3153 374 3258 quod,
403 3151 584 3254 (quando
610 3147 748 3222 inillis
774 3153 865 3223 actis
889 3176 968 3224 non
992 3154 1160 3248 integrae
1186 3151 1250 3220 Ci-

252 3256 404 3330 ceronis
421 3251 612 3324 orationes
633 3245 986 3340 conservabantur,)
1011 3272 1115 3347 quae
1129 3251 1249 3320 Asco-

194 3377 200 3389 ’
248 3357 316 3426 nio
346 3350 437 3425 alias
468 3346 710 3448 prodessent,
756 3344 892 3418 eadem
924 3345 1015 3416 alias
1040 3344 1249 3445 plurimum

250 3448 389 3524 obesse
418 3465 608 3546 poterant.
656 3447 774 3536 Nam,
814 3447 846 3514 si
877 3445 919 3514 in
948 3445 1047 3528 istis,
1090 3442 1249 3516 Cicero-
1331 3465 1332 3478 ¹

247 3571 340 3620 nem
378 3543 507 3646 aliquo
546 3543 610 3617 die
636 3540 757 3624 vverba
789 3539 923 3614 fecisse
954 3539 1062 3636 legit,
1106 3544 1250 3612 oratio-

247 3671 339 3719 nem
369 3667 462 3716 vero
492 3641 638 3714 nullam
667 3643 828 3730 invenit,
861 3642 934 3712 nisi
969 3635 1246 3728 adulterinam,

248 3745 300 3819 ad
348 3739 611 3814 Tullianamm
658 3736 943 3810 similitudinem
992 3739 1248 3833 compositam
1331 3751 1332 3828 l

248 3867 332 3915 eam
365 3865 431 3930 ue,
478 3837 583 3940 quod
611 3835 774 3908 vidimus
805 3836 972 3931 potuisse
1002 3831 1086 3906 fieri
1117 3837 1161 3914 in
1190 3832 1249 3906 bi-

246 3867 451 4014 bliotlrecis
491 3932 740 4008 collocatam:
778 3934 863 4031 ipso
899 3927 966 4004 illo
1004 3930 1150 4002 indicio
1168 4005 1172 4012 ,
1190 3929 1247 4002 fa-

248 4057 352 4115 ctum
384 4053 456 4129 est,
499 4051 558 4127 ut,
602 4035 634 4117 si
672 4030 762 4104 alias
803 4032 952 4104 cautior
979 4026 1126 4122 fuisset,
1166 4029 1246 4100 iam

1162 4124 1247 4227 pla-
1331 4119 1332 4192 j
