2730 4524
1051 347 1121 423 105
1219 426 1221 430 ,

137 541 195 596 ter
231 525 377 622 patriae
412 520 629 595 libertatem
668 521 803 597 fortius
846 523 1042 600 defensam
1084 548 1123 604 et

134 647 279 708 summa
311 647 397 695 cum
429 621 610 717 dignitate
644 620 712 716 (cf.
740 626 839 696 Brut.
864 646 896 697 s.
923 627 1057 697 LXXI.
1085 646 1124 701 et

134 719 269 792 Senes.
297 743 401 791 cons.
428 717 478 789 ed
501 717 612 801 Helv.
640 741 672 791 c.
697 721 779 815 IX.)
810 719 983 812 exulans,
1016 728 1123 795 resti-

134 835 233 916 tutus
272 835 388 896 esset:
434 840 511 887 erus
548 841 747 887 matorum
789 835 903 888 ettam
947 825 1125 892 omnium

135 912 357 1012 dignitatern
380 911 544 984 futuram
561 911 677 986 fuisse
697 912 928 989 diminutam.
978 917 1023 986 In
1042 941 1125 990 ver-

1 1005 2 1016 ’
101 1023 104 1028 ’
135 1009 209 1082 bis:
236 1011 594 1108 nobilissimamque
702 1014 920 1091 vindicasti
954 1036 1034 1084 non
1064 1017 1125 1086 in·

135 1106 291 1202 telligis,
318 1107 513 1207 quomodo
539 1109 590 1177 M.
609 1107 794 1181 Marcello
818 1112 990 1181 restituto
1014 1107 1125 1183 farni-

133 1202 186 1276 lia
209 1203 478 1277 Marcellorum
505 1200 582 1274 dici
599 1208 767 1300 potuerit
784 1228 906 1301 paene
931 1205 983 1278 ob
1003 1211 1125 1282 incar·

135 1305 193 1374 itu
218 1305 430 1374 vindicato
455 1324 548 1381 esse,
576 1299 733 1398 quando
759 1300 907 1373 adeius
931 1304 1141 1378 interitum
1162 1313 1163 1322 ’

133 1397 229 1474 nihil
252 1397 369 1497 plane
400 1393 605 1488 referebat,
646 1395 711 1468 ille
744 1397 936 1491 Mytilenis
969 1421 1019 1470 an
1048 1404 1127 1474 Ro·

133 1519 221 1568 mae
251 1499 405 1568 viveret.
462 1494 555 1583 Sed,
593 1519 671 1592 quo
703 1493 853 1592 longius
883 1494 1125 1594 progrederis

132 1591 319 1691 legendo,
363 1616 410 1665 eo
441 1595 559 1689 magis
590 1589 787 1664 admiraris
818 1596 1125 1690 grammaticum,

135 1695 202 1790 qui
225 1695 319 1781 iarn,
378 1708 556 1789 ropterea
586 1687 693 1858 quod
723 1690 865 1763 Caesar
898 1713 946 1763 eo
974 1689 1037 1764 die
1059 1711 1126 1764 've-

134 1792 198 1860 nia
216 1715 409 1862 ,Marcello
436 1787 524 1858 data
548 1811 595 1860 ve
634 1791 793 1860 mortuis
820 1791 898 1860 eius
916 1787 1125 1862 maioribus

136 1884 357 1983 dignitatem
382 1884 611 1974 reddiderit,
636 1909 716 1956 non
741 1901 865 1982 patet,
892 1911 973 1984 qua
993 1909 1035 1958 re
1061 1885 1127 1958 ad-

136 2003 292 2073 emtam,
331 1981 684 2080 nobilissimamque
712 1980 907 2073 familiam,
932 2007 1014 2074 non
1040 2006 1126 2056 eam

136 2077 293 2176 quidem
318 2081 493 2166 omnino,
517 2077 596 2148 ‘sed
625 2095 756 2150 tamen
781 2105 913 2174 paene
939 2078 987 2150 ab
1013 2083 1127 2154 inter·

135 2178 208 2265 itu,
234 2199 314 2246 non
339 2191 444 2272 patet
495 2198 564 2264 uo,
590 2175 853 2249 vindicaverit:
907 2195 1037 2275 ropter
1058 2177 1127 2252 has

137 2295 229 2370 ergo
269 2295 400 2344 causas
438 2201 599 2345 afirmat
637 2273 847 2346 Caesarem·
878 2202 985 2345 buno
1020 2275 1127 2350 diem

136 2395 215 2442 esse
240 2374 425 2442 maximis
448 2373 524 2440 suis
549 2385 589 2440 et
613 2367 970 2444 innumerabilibus
988 2389 1128 2470 gratu-

129 2465 351 2558 lationibus
375 2470 462 2538 iure
486 2471 813 2563 antepositus-um.
877 2469 1004 2566 Atque
1028 2466 1128 2542 haec

135 2561 336 2634 affirmatio
362 2567 521 2634 nonita
547 2561 836 2660 comprobatur,
875 2561 1127 2662 quemadmo-

137 2658 228 2731 dum
251 2657 333 2733 fere
357 2679 467 2758 putes
484 2657 599 2732 fuisse
619 2659 964 2757 comprobandam:
989 2660 1130 2760 glorio·

134 2762 211 2830 sius
236 2755 356 2830 multo
384 2780 482 2847 esse,
520 2761 561 2828 in
596 2782 715 2828 unum
747 2760 869 2830 civem
893 2779 936 2830 se
961 2757 1127 2833 clemen-

135 2873 214 2938 tem
238 2873 446 2953 praestare,
484 2879 600 2954 quam
632 2854 799 2929 hostium
833 2873 983 2930 centum
1007 2855 1127 2930 millia

137 2952 357 3042 devincere3
400 2977 532 3026 verum
574 2955 630 3025 sic
672 2951 960 3052 comprobatur:
1015 2955 1128 3028 Haeo

135 3055 242 3122 enim
265 3075 326 3122 res
350 3056 464 3122 unitis
488 3067 545 3122 est
565 3055 732 3150 proprio
760 3050 798 3124 C.
828 3052 1026 3129 Caesaris:
1064 3075 1127 3122 oe-

135 3162 246 3218 teroe
270 3149 367 3216 duce
391 3165 432 3218 te
454 3163 608 3245 gestae,
634 3173 808 3246 magnae
832 3147 930 3218 illae
949 3149 1125 3245 quidem,
1218 3185 1230 3202 ι

133 3245 206 3316 sed·
251 3258 389 3314 tomen
437 3242 561 3314 multo
610 3249 867 3339 maximoque
921 3246 1127 3314 comitatu.

133 3342 184 3412 At
206 3338 303 3410 haec
325 3341 403 3409 iam
426 3335 584 3436 legimus
609 3340 792 3434 incapite
808 3337 1007 3410 seeundo?
1059 3341 1128 3410 uin

132 3436 199 3510 hic
223 3435 332 3534 plura
362 3452 465 3523 sunt,
508 3449 622 3534 quae*
640 3437 712 3508 nisi
743 3435 900 3528 eadem,
937 3364 1128 3508 similima

136 3552 240 3608 certe
275 3535 318 3604 in
355 3535 480 3628 capite
512 3531 685 3624 secundo
718 3556 765 3604 ao
797 3535 912 3606 tertio.
943 3531 983 3605 le
1008 3535 1124 3622 imus;

136 3629 243 3731 quod
277 3627 459 3728 equidem
501 3627 663 3703 arbitror
705 3627 783 3704 hoc
824 3627 943 3704 modo
981 3557 1127 3704 iactum

135 3753 228 3804 esse.
305 3728 582 3800 Grammaticus
617 3743 762 3817 noster,
809 3749 895 3798 cum
930 3730 971 3800 in
1000 3733 1127 3828 primo

136 3831 261 3922 capite
301 3847 434 3896 omnes
471 3840 728 3907 enumerasset
763 3823 926 3916 fructus,
976 3829 1043 3924 qui
1078 3847 1128 3898 ex

133 3920 199 3993 illa
234 3921 436 3994 clementia
473 3923 644 3995 Caesaris
682 3939 761 3994 tum
797 3919 847 3992 ed
879 3925 1125 4008 Ciceronem,

134 4037 215 4092 turn
240 4012 290 4090 ad
316 4037 464 4094 ceteros
487 4040 702 4124 senatores,
742 4038 823 4094 tum
847 4011 1044 4119 adipsum
1073 4019 1126 4095 tt.
