<?xml version="1.0" encoding="UTF-8"?>
<!DOCTYPE html PUBLIC "-//W3C//DTD XHTML 1.0 Transitional//EN"
    "http://www.w3.org/TR/xhtml1/DTD/xhtml1-transitional.dtd">
<html xmlns="http://www.w3.org/1999/xhtml" xml:lang="en" lang="en">
 <head>
  <title>
</title>
<meta http-equiv="Content-Type" content="text/html;charset=utf-8" />
  <meta name='ocr-system' content='tesseract 3.04.00' />
  <meta name='ocr-capabilities' content='ocr_page ocr_carea ocr_par ocr_line ocrx_word'/>
</head>
<body>
  <div class='ocr_page' id='page_1' title='image "./deorationequaei00jacogoog_0033.png"; bbox 0 0 2702 4548; ppageno 0'>
   <div class='ocr_carea' id='block_1_1' title="bbox 245 373 288 420">
    <p class='ocr_par' dir='ltr' id='par_1_1' title="bbox 245 373 288 420">
     <span class='ocr_line' id='line_1_1' title="bbox 245 373 288 420; baseline -0.023 0"><span class='ocrx_word' id='word_1_1' title='bbox 245 373 288 420; x_wconf 87' lang='lat'>12</span> 
     </span>
    </p>
   </div>
   <div class='ocr_carea' id='block_1_2' title="bbox 238 532 1333 1604">
    <p class='ocr_par' dir='ltr' id='par_1_2' title="bbox 238 532 1333 1604">
     <span class='ocr_line' id='line_1_2' title="bbox 240 532 1238 636; baseline -0.002 -23"><span class='ocrx_word' id='word_1_2' title='bbox 240 532 374 614; x_wconf 82' lang='lat' dir='ltr'>saitem</span> <span class='ocrx_word' id='word_1_3' title='bbox 408 537 592 626; x_wconf 83' lang='lat' dir='ltr'>efficient,</span> <span class='ocrx_word' id='word_1_4' title='bbox 629 555 687 626; x_wconf 85' lang='lat' dir='ltr'>ut,</span> <span class='ocrx_word' id='word_1_5' title='bbox 724 561 839 636; x_wconf 89' lang='lat' dir='ltr'>quam</span> <span class='ocrx_word' id='word_1_6' title='bbox 870 537 1056 612; x_wconf 89' lang='lat' dir='ltr'>eiusmodi</span> <span class='ocrx_word' id='word_1_7' title='bbox 1080 535 1238 611; x_wconf 81' lang='lat' dir='ltr'><strong>fraudes</strong></span> 
     </span>
     <span class='ocr_line' id='line_1_3' title="bbox 242 635 1239 732; baseline -0.004 -22"><span class='ocrx_word' id='word_1_8' title='bbox 242 642 401 710; x_wconf 87' lang='lat' dir='ltr'>omnino</span> <span class='ocrx_word' id='word_1_9' title='bbox 435 643 487 709; x_wconf 89' lang='lat' dir='ltr'>ita</span> <span class='ocrx_word' id='word_1_10' title='bbox 522 635 624 708; x_wconf 79' lang='lat' dir='ltr'>brevi</span> <span class='ocrx_word' id='word_1_11' title='bbox 659 653 745 732; x_wconf 89' lang='lat' dir='ltr'>post</span> <span class='ocrx_word' id='word_1_12' title='bbox 769 638 966 709; x_wconf 84' lang='lat' dir='ltr'>Ciceronis</span> <span class='ocrx_word' id='word_1_13' title='bbox 991 657 1153 709; x_wconf 86' lang='lat' dir='ltr'>mortem</span> <span class='ocrx_word' id='word_1_14' title='bbox 1180 635 1197 706; x_wconf 93' lang='lat' dir='ltr'>f</span> <span class='ocrx_word' id='word_1_15' title='bbox 1221 680 1239 692; x_wconf 92' lang='lat'><em>-</em></span> 
     </span>
     <span class='ocr_line' id='line_1_4' title="bbox 242 733 1240 832; baseline -0.007 -25"><span class='ocrx_word' id='word_1_16' title='bbox 242 735 330 807; x_wconf 87' lang='lat' dir='ltr'>ciles</span> <span class='ocrx_word' id='word_1_17' title='bbox 357 753 421 806; x_wconf 90' lang='lat' dir='ltr'>aut</span> <span class='ocrx_word' id='word_1_18' title='bbox 446 733 619 807; x_wconf 86' lang='lat' dir='ltr'>difficiles</span> <span class='ocrx_word' id='word_1_19' title='bbox 651 733 807 824; x_wconf 82' lang='lat' dir='ltr'>fuerint,</span> <span class='ocrx_word' id='word_1_20' title='bbox 846 734 974 832; x_wconf 89' lang='lat' dir='ltr'>paullo</span> <span class='ocrx_word' id='word_1_21' title='bbox 1008 737 1143 806; x_wconf 90' lang='lat' dir='ltr'>certius</span> <span class='ocrx_word' id='word_1_22' title='bbox 1176 737 1240 804; x_wconf 90' lang='lat' dir='ltr'>in-</span> 
     </span>
     <span class='ocr_line' id='line_1_5' title="bbox 239 829 1239 932; baseline 0 -29"><span class='ocrx_word' id='word_1_23' title='bbox 239 830 455 927; x_wconf 69' lang='lat' dir='ltr'>telligatur:</span> <span class='ocrx_word' id='word_1_24' title='bbox 500 831 607 932; x_wconf 90' lang='lat' dir='ltr'>quod</span> <span class='ocrx_word' id='word_1_25' title='bbox 645 835 808 930; x_wconf 83' lang='lat' dir='ltr'>quisque</span> <span class='ocrx_word' id='word_1_26' title='bbox 845 830 1035 905; x_wconf 82' lang='lat' dir='ltr'><strong>concedet</strong></span> <span class='ocrx_word' id='word_1_27' title='bbox 1076 834 1116 901; x_wconf 94' lang='lat' dir='ltr'>in</span> <span class='ocrx_word' id='word_1_28' title='bbox 1160 829 1239 904; x_wconf 91' lang='lat' dir='ltr'>hac</span> 
     </span>
     <span class='ocr_line' id='line_1_6' title="bbox 239 927 1333 1024; baseline -0.005 -24"><span class='ocrx_word' id='word_1_29' title='bbox 239 953 282 1000; x_wconf 86' lang='lat' dir='ltr'>re</span> <span class='ocrx_word' id='word_1_30' title='bbox 320 949 400 1002; x_wconf 90' lang='lat' dir='ltr'>tum</span> <span class='ocrx_word' id='word_1_31' title='bbox 438 932 685 1023; x_wconf 72' lang='lat' dir='ltr'>gratissimum</span> <span class='ocrx_word' id='word_1_32' title='bbox 727 952 830 1019; x_wconf 85' lang='lat' dir='ltr'>esse,</span> <span class='ocrx_word' id='word_1_33' title='bbox 870 947 964 1024; x_wconf 63' lang='lat' dir='ltr'>turn⁸</span> <span class='ocrx_word' id='word_1_34' title='bbox 984 927 1235 1020; x_wconf 87' lang='lat' dir='ltr'>utilissimum,</span> <span class='ocrx_word' id='word_1_35' title='bbox 1332 987 1333 994; x_wconf 74' lang='grc'>,</span> 
     </span>
     <span class='ocr_line' id='line_1_7' title="bbox 241 1026 1333 1126; baseline 0.002 -30"><span class='ocrx_word' id='word_1_36' title='bbox 241 1030 332 1126; x_wconf 90' lang='lat' dir='ltr'>quin</span> <span class='ocrx_word' id='word_1_37' title='bbox 375 1053 525 1124; x_wconf 78' lang='lat' dir='ltr'>prorsus</span> <span class='ocrx_word' id='word_1_38' title='bbox 557 1029 824 1098; x_wconf 88' lang='lat' dir='ltr'>necessarium.</span> <span class='ocrx_word' id='word_1_39' title='bbox 885 1029 1006 1124; x_wconf 80' lang='lat' dir='ltr'>Magis</span> <span class='ocrx_word' id='word_1_40' title='bbox 1032 1045 1158 1098; x_wconf 87' lang='lat' dir='ltr'>autem</span> <span class='ocrx_word' id='word_1_41' title='bbox 1185 1026 1239 1098; x_wconf 86' lang='lat' dir='ltr'>de</span> <span class='ocrx_word' id='word_1_42' title='bbox 1332 1041 1333 1064; x_wconf 67' lang='lat'>¹</span> 
     </span>
     <span class='ocr_line' id='line_1_8' title="bbox 238 1123 1333 1222; baseline 0.001 -27"><span class='ocrx_word' id='word_1_43' title='bbox 238 1123 297 1196; x_wconf 89' lang='lat' dir='ltr'>his</span> <span class='ocrx_word' id='word_1_44' title='bbox 337 1123 535 1210; x_wconf 76' lang='lat' dir='ltr'>haesitavi,</span> <span class='ocrx_word' id='word_1_45' title='bbox 581 1147 680 1222; x_wconf 83' lang='lat' dir='ltr'>quae</span> <span class='ocrx_word' id='word_1_46' title='bbox 716 1125 906 1206; x_wconf 86' lang='lat' dir='ltr'>Gesnerus</span> <span class='ocrx_word' id='word_1_47' title='bbox 941 1129 982 1196; x_wconf 91' lang='lat' dir='ltr'>in</span> <span class='ocrx_word' id='word_1_48' title='bbox 1003 1125 1238 1196; x_wconf 80' lang='lat' dir='ltr'>sententiae</span> <span class='ocrx_word' id='word_1_49' title='bbox 1332 1127 1333 1150; x_wconf 58' lang='lat'><em>*</em></span> 
     </span>
     <span class='ocr_line' id='line_1_9' title="bbox 239 1221 1333 1318; baseline -0.001 -24"><span class='ocrx_word' id='word_1_50' title='bbox 239 1246 331 1294; x_wconf 88' lang='lat' dir='ltr'>suae</span> <span class='ocrx_word' id='word_1_51' title='bbox 363 1226 472 1292; x_wconf 90' lang='lat' dir='ltr'>initio</span> <span class='ocrx_word' id='word_1_52' title='bbox 511 1226 652 1318; x_wconf 89' lang='lat' dir='ltr'>posuit:</span> <span class='ocrx_word' id='word_1_53' title='bbox 704 1223 907 1317; x_wconf 77' lang='lat' dir='ltr'>„Diligens</span> <span class='ocrx_word' id='word_1_54' title='bbox 943 1264 991 1278; x_wconf 86' lang='lat'>--</span> <span class='ocrx_word' id='word_1_55' title='bbox 1029 1221 1237 1318; x_wconf 80' lang='lat' dir='ltr'>distingue·</span> <span class='ocrx_word' id='word_1_56' title='bbox 1332 1267 1333 1276; x_wconf 27' lang='grc' dir='ltr'><strong>κ</strong></span> 
     </span>
     <span class='ocr_line' id='line_1_10' title="bbox 240 1319 1239 1418; baseline 0.002 -30"><span class='ocrx_word' id='word_1_57' title='bbox 240 1326 413 1391; x_wconf 82' lang='lat' dir='ltr'>rentur.“</span> <span class='ocrx_word' id='word_1_58' title='bbox 462 1322 627 1408; x_wconf 80' lang='lat' dir='ltr'>Etenim,</span> <span class='ocrx_word' id='word_1_59' title='bbox 665 1322 696 1390; x_wconf 91' lang='lat' dir='ltr'>si</span> <span class='ocrx_word' id='word_1_60' title='bbox 730 1343 845 1392; x_wconf 91' lang='lat' dir='ltr'>nemo</span> <span class='ocrx_word' id='word_1_61' title='bbox 883 1319 1077 1418; x_wconf 81' lang='lat' dir='ltr'>perhibet,</span> <span class='ocrx_word' id='word_1_62' title='bbox 1117 1329 1239 1415; x_wconf 85' lang='lat' dir='ltr'>opera</span> 
     </span>
     <span class='ocr_line' id='line_1_11' title="bbox 240 1416 1236 1515; baseline 0.001 -28"><span class='ocrx_word' id='word_1_63' title='bbox 240 1417 437 1488; x_wconf 85' lang='lat' dir='ltr'>Ciceronis</span> <span class='ocrx_word' id='word_1_64' title='bbox 475 1416 522 1488; x_wconf 89' lang='lat' dir='ltr'>ad</span> <span class='ocrx_word' id='word_1_65' title='bbox 555 1443 624 1488; x_wconf 89' lang='lat' dir='ltr'>nos</span> <span class='ocrx_word' id='word_1_66' title='bbox 659 1417 759 1488; x_wconf 88' lang='lat' dir='ltr'>adeo</span> <span class='ocrx_word' id='word_1_67' title='bbox 792 1436 970 1515; x_wconf 86' lang='lat' dir='ltr'>corrupta</span> <span class='ocrx_word' id='word_1_68' title='bbox 989 1420 1236 1514; x_wconf 87' lang='lat' dir='ltr'>pervenisse,</span> 
     </span>
     <span class='ocr_line' id='line_1_12' title="bbox 239 1517 1239 1604; baseline 0.001 -21"><span class='ocrx_word' id='word_1_69' title='bbox 239 1533 282 1584; x_wconf 93' lang='lat' dir='ltr'>ut</span> <span class='ocrx_word' id='word_1_70' title='bbox 307 1519 385 1586; x_wconf 89' lang='lat' dir='ltr'>eius</span> <span class='ocrx_word' id='word_1_71' title='bbox 412 1533 560 1586; x_wconf 88' lang='lat' dir='ltr'>moneta</span> <span class='ocrx_word' id='word_1_72' title='bbox 586 1518 725 1586; x_wconf 90' lang='lat' dir='ltr'>iamin</span> <span class='ocrx_word' id='word_1_73' title='bbox 751 1519 795 1585; x_wconf 89' lang='lat' dir='ltr'>iis</span> <span class='ocrx_word' id='word_1_74' title='bbox 823 1519 945 1604; x_wconf 87' lang='lat' dir='ltr'>omnis</span> <span class='ocrx_word' id='word_1_75' title='bbox 981 1517 1164 1587; x_wconf 87' lang='lat' dir='ltr'>exstincta</span> <span class='ocrx_word' id='word_1_76' title='bbox 1188 1517 1239 1584; x_wconf 89' lang='lat' dir='ltr'>sit</span> 
     </span>
    </p>
   </div>
   <div class='ocr_carea' id='block_1_3' title="bbox 133 1607 1239 1707">
    <p class='ocr_par' dir='ltr' id='par_1_3' title="bbox 133 1605 1239 1707">
     <span class='ocr_line' id='line_1_13' title="bbox 133 1607 1239 1707; baseline 0.002 -27"><span class='ocrx_word' id='word_1_77' title='bbox 133 1623 136 1632; x_wconf 83' lang='lat'><strong><em>‘</em></strong></span> <span class='ocrx_word' id='word_1_78' title='bbox 241 1635 288 1682; x_wconf 88' lang='lat' dir='ltr'>ac</span> <span class='ocrx_word' id='word_1_79' title='bbox 320 1609 462 1698; x_wconf 89' lang='lat' dir='ltr'>deleta;</span> <span class='ocrx_word' id='word_1_80' title='bbox 506 1610 576 1681; x_wconf 86' lang='lat' dir='ltr'>sed</span> <span class='ocrx_word' id='word_1_81' title='bbox 606 1635 826 1707; x_wconf 82' lang='lat' dir='ltr'>persuasum</span> <span class='ocrx_word' id='word_1_82' title='bbox 845 1607 915 1692; x_wconf 43' lang='lat' dir='ltr'>[est</span> <span class='ocrx_word' id='word_1_83' title='bbox 946 1613 1138 1701; x_wconf 76' lang='lat' dir='ltr'>omnibuS,</span> <span class='ocrx_word' id='word_1_84' title='bbox 1170 1609 1239 1682; x_wconf 88' lang='lat' dir='ltr'>illa</span> 
     </span>
    </p>
   </div>
   <div class='ocr_carea' id='block_1_4' title="bbox 157 1701 1246 4156">
    <p class='ocr_par' dir='ltr' id='par_1_4' title="bbox 157 1701 1246 4156">
     <span class='ocr_line' id='line_1_14' title="bbox 239 1701 1238 1808; baseline 0.004 -30"><span class='ocrx_word' id='word_1_85' title='bbox 239 1706 333 1780; x_wconf 88' lang='lat' dir='ltr'>fere·</span> <span class='ocrx_word' id='word_1_86' title='bbox 358 1708 449 1778; x_wconf 90' lang='lat' dir='ltr'>talia</span> <span class='ocrx_word' id='word_1_87' title='bbox 478 1706 588 1778; x_wconf 91' lang='lat' dir='ltr'>nobis</span> <span class='ocrx_word' id='word_1_88' title='bbox 620 1731 702 1780; x_wconf 90' lang='lat' dir='ltr'>esse</span> <span class='ocrx_word' id='word_1_89' title='bbox 731 1701 987 1799; x_wconf 89' lang='lat' dir='ltr'>inmanibus,</span> <span class='ocrx_word' id='word_1_90' title='bbox 1020 1707 1148 1808; x_wconf 85' lang='lat' dir='ltr'>qualia</span> <span class='ocrx_word' id='word_1_91' title='bbox 1179 1733 1238 1782; x_wconf 86' lang='lat' dir='ltr'>es-</span> 
     </span>
     <span class='ocr_line' id='line_1_15' title="bbox 239 1803 1239 1904; baseline 0.001 -27"><span class='ocrx_word' id='word_1_92' title='bbox 239 1824 325 1877; x_wconf 87' lang='lat' dir='ltr'>sent</span> <span class='ocrx_word' id='word_1_93' title='bbox 367 1807 558 1877; x_wconf 84' lang='lat' dir='ltr'>Asconio:</span> <span class='ocrx_word' id='word_1_94' title='bbox 605 1803 789 1896; x_wconf 85' lang='lat' dir='ltr'>efficitur,</span> <span class='ocrx_word' id='word_1_95' title='bbox 835 1809 908 1900; x_wconf 88' lang='lat' dir='ltr'>ista</span> <span class='ocrx_word' id='word_1_96' title='bbox 947 1807 997 1878; x_wconf 90' lang='lat' dir='ltr'>de</span> <span class='ocrx_word' id='word_1_97' title='bbox 1040 1805 1239 1904; x_wconf 82' lang='lat' dir='ltr'>diligentia</span> 
     </span>
     <span class='ocr_line' id='line_1_16' title="bbox 240 1901 1237 2002; baseline 0.002 -28"><span class='ocrx_word' id='word_1_98' title='bbox 240 1901 421 1974; x_wconf 79' lang='lat' dir='ltr'>Tulliana</span> <span class='ocrx_word' id='word_1_99' title='bbox 447 1929 526 1974; x_wconf 92' lang='lat' dir='ltr'>non</span> <span class='ocrx_word' id='word_1_100' title='bbox 553 1908 669 2001; x_wconf 81' lang='lat' dir='ltr'>magis</span> <span class='ocrx_word' id='word_1_101' title='bbox 696 1903 744 1974; x_wconf 87' lang='lat' dir='ltr'>ad</span> <span class='ocrx_word' id='word_1_102' title='bbox 770 1902 873 1976; x_wconf 90' lang='lat' dir='ltr'>hunc</span> <span class='ocrx_word' id='word_1_103' title='bbox 900 1909 1088 1993; x_wconf 85' lang='lat' dir='ltr'>attinere,¹</span> <span class='ocrx_word' id='word_1_104' title='bbox 1119 1929 1237 2002; x_wconf 84' lang='lat' dir='ltr'>quam</span> 
     </span>
     <span class='ocr_line' id='line_1_17' title="bbox 180 1999 1240 2100; baseline 0.003 -30"><span class='ocrx_word' id='word_1_105' title='bbox 180 2014 182 2018; x_wconf 86' lang='grc'><strong>’</strong></span> <span class='ocrx_word' id='word_1_106' title='bbox 240 1999 290 2071; x_wconf 90' lang='lat' dir='ltr'>ad</span> <span class='ocrx_word' id='word_1_107' title='bbox 318 2018 467 2072; x_wconf 89' lang='lat' dir='ltr'>uosmet</span> <span class='ocrx_word' id='word_1_108' title='bbox 485 2003 608 2095; x_wconf 64' lang='lat' dir='ltr'>ipsos,</span> <span class='ocrx_word' id='word_1_109' title='bbox 633 2001 734 2100; x_wconf 87' lang='lat' dir='ltr'>quod</span> <span class='ocrx_word' id='word_1_110' title='bbox 762 2027 842 2072; x_wconf 90' lang='lat' dir='ltr'>non</span> <span class='ocrx_word' id='word_1_111' title='bbox 868 2001 986 2073; x_wconf 92' lang='lat' dir='ltr'>modo</span> <span class='ocrx_word' id='word_1_112' title='bbox 1014 2021 1070 2076; x_wconf 84' lang='lat' dir='ltr'>est</span> <span class='ocrx_word' id='word_1_113' title='bbox 1093 2000 1240 2074; x_wconf 89' lang='lat' dir='ltr'>abhoc</span> 
     </span>
     <span class='ocr_line' id='line_1_18' title="bbox 194 2097 1237 2188; baseline 0.003 -19"><span class='ocrx_word' id='word_1_114' title='bbox 194 2173 196 2188; x_wconf 30' lang='grc' dir='ltr'>Ι</span> <span class='ocrx_word' id='word_1_115' title='bbox 237 2097 328 2172; x_wconf 93' lang='lat' dir='ltr'>loco</span> <span class='ocrx_word' id='word_1_116' title='bbox 356 2097 634 2188; x_wconf 88' lang='lat' dir='ltr'>alienissimum,</span> <span class='ocrx_word' id='word_1_117' title='bbox 659 2099 728 2172; x_wconf 86' lang='lat' dir='ltr'>sed</span> <span class='ocrx_word' id='word_1_118' title='bbox 756 2103 869 2171; x_wconf 88' lang='lat' dir='ltr'>etiam</span> <span class='ocrx_word' id='word_1_119' title='bbox 896 2099 1045 2172; x_wconf 86' lang='lat' dir='ltr'>confert</span> <span class='ocrx_word' id='word_1_120' title='bbox 1069 2103 1237 2187; x_wconf 77' lang='lat' dir='ltr'>maxime</span> 
     </span>
     <span class='ocr_line' id='line_1_19' title="bbox 157 2195 1235 2295; baseline 0.002 -28"><span class='ocrx_word' id='word_1_121' title='bbox 157 2217 159 2224; x_wconf 84' lang='grc'><strong>’</strong></span> <span class='ocrx_word' id='word_1_122' title='bbox 239 2196 287 2268; x_wconf 90' lang='lat' dir='ltr'>ad</span> <span class='ocrx_word' id='word_1_123' title='bbox 337 2201 466 2295; x_wconf 53' lang='lat' dir='ltr'>ipsam*</span> <span class='ocrx_word' id='word_1_124' title='bbox 505 2200 574 2266; x_wconf 88' lang='lat' dir='ltr'>viri</span> <span class='ocrx_word' id='word_1_125' title='bbox 623 2195 668 2268; x_wconf 90' lang='lat' dir='ltr'>cl.</span> <span class='ocrx_word' id='word_1_126' title='bbox 711 2201 936 2270; x_wconf 84' lang='lat' dir='ltr'>sententiam</span> <span class='ocrx_word' id='word_1_127' title='bbox 982 2196 1235 2269; x_wconf 81' lang='lat' dir='ltr'>refutandam.</span> 
     </span>
     <span class='ocr_line' id='line_1_20' title="bbox 237 2292 1235 2392; baseline 0.002 -27"><span class='ocrx_word' id='word_1_128' title='bbox 237 2297 353 2386; x_wconf 87' lang='lat' dir='ltr'>Nam,</span> <span class='ocrx_word' id='word_1_129' title='bbox 371 2292 615 2392; x_wconf 65' lang='lat' dir='ltr'>quandoque</span> <span class='ocrx_word' id='word_1_130' title='bbox 640 2292 704 2364; x_wconf 85' lang='lat' dir='ltr'>ilia</span> <span class='ocrx_word' id='word_1_131' title='bbox 730 2315 883 2368; x_wconf 89' lang='lat' dir='ltr'>moneta</span> <span class='ocrx_word' id='word_1_132' title='bbox 907 2295 1010 2367; x_wconf 88' lang='lat' dir='ltr'>libris</span> <span class='ocrx_word' id='word_1_133' title='bbox 1037 2298 1235 2370; x_wconf 84' lang='lat' dir='ltr'>Ciceronis</span> 
     </span>
     <span class='ocr_line' id='line_1_21' title="bbox 236 2390 1234 2490; baseline -0.001 -27"><span class='ocrx_word' id='word_1_134' title='bbox 236 2394 420 2489; x_wconf 88' lang='lat' dir='ltr'>impressa</span> <span class='ocrx_word' id='word_1_135' title='bbox 460 2390 572 2462; x_wconf 92' lang='lat' dir='ltr'>nobis</span> <span class='ocrx_word' id='word_1_136' title='bbox 610 2391 766 2490; x_wconf 89' lang='lat' dir='ltr'>quidem</span> <span class='ocrx_word' id='word_1_137' title='bbox 803 2391 903 2466; x_wconf 88' lang='lat' dir='ltr'>adeo</span> <span class='ocrx_word' id='word_1_138' title='bbox 941 2392 1036 2463; x_wconf 88' lang='lat' dir='ltr'>nihil</span> <span class='ocrx_word' id='word_1_139' title='bbox 1072 2390 1234 2489; x_wconf 80' lang='lat' dir='ltr'>profuit,</span> 
     </span>
     <span class='ocr_line' id='line_1_22' title="bbox 237 2479 1235 2586; baseline 0.002 -28"><span class='ocrx_word' id='word_1_140' title='bbox 237 2506 297 2578; x_wconf 91' lang='lat' dir='ltr'>ut,</span> <span class='ocrx_word' id='word_1_141' title='bbox 329 2479 419 2560; x_wconf 77' lang='lat' dir='ltr'>curn</span> <span class='ocrx_word' id='word_1_142' title='bbox 453 2488 502 2560; x_wconf 89' lang='lat' dir='ltr'>de</span> <span class='ocrx_word' id='word_1_143' title='bbox 533 2488 612 2559; x_wconf 87' lang='lat' dir='ltr'>aliis</span> <span class='ocrx_word' id='word_1_144' title='bbox 643 2489 830 2586; x_wconf 91' lang='lat' dir='ltr'>pluribus,</span> <span class='ocrx_word' id='word_1_145' title='bbox 866 2509 947 2562; x_wconf 90' lang='lat' dir='ltr'>tum</span> <span class='ocrx_word' id='word_1_146' title='bbox 974 2489 1124 2562; x_wconf 88' lang='lat' dir='ltr'>dehac</span> <span class='ocrx_word' id='word_1_147' title='bbox 1150 2483 1235 2562; x_wconf 83' lang='lat' dir='ltr'>ora-</span> 
     </span>
     <span class='ocr_line' id='line_1_23' title="bbox 237 2585 1235 2676; baseline 0.002 -19"><span class='ocrx_word' id='word_1_148' title='bbox 237 2589 345 2658; x_wconf 85' lang='lat' dir='ltr'>tione</span> <span class='ocrx_word' id='word_1_149' title='bbox 377 2611 524 2658; x_wconf 90' lang='lat' dir='ltr'>summa</span> <span class='ocrx_word' id='word_1_150' title='bbox 555 2591 656 2657; x_wconf 88' lang='lat' dir='ltr'>inter</span> <span class='ocrx_word' id='word_1_151' title='bbox 685 2585 853 2676; x_wconf 74' lang='lat' dir='ltr'>literatos</span> <span class='ocrx_word' id='word_1_152' title='bbox 881 2591 1020 2661; x_wconf 82' lang='lat' dir='ltr'>exoriri</span> <span class='ocrx_word' id='word_1_153' title='bbox 1047 2587 1235 2660; x_wconf 90' lang='lat' dir='ltr'>dubitatio</span> 
     </span>
     <span class='ocr_line' id='line_1_24' title="bbox 236 2684 1236 2784; baseline 0.003 -30"><span class='ocrx_word' id='word_1_154' title='bbox 236 2702 366 2783; x_wconf 88' lang='lat' dir='ltr'>posset</span> <span class='ocrx_word' id='word_1_155' title='bbox 392 2710 437 2757; x_wconf 92' lang='lat' dir='ltr'>ac</span> <span class='ocrx_word' id='word_1_156' title='bbox 463 2687 738 2756; x_wconf 86' lang='lat' dir='ltr'>controversia:</span> <span class='ocrx_word' id='word_1_157' title='bbox 781 2685 874 2783; x_wconf 92' lang='lat' dir='ltr'>quid</span> <span class='ocrx_word' id='word_1_158' title='bbox 907 2704 978 2775; x_wconf 89' lang='lat' dir='ltr'>est,</span> <span class='ocrx_word' id='word_1_159' title='bbox 1012 2684 1116 2784; x_wconf 91' lang='lat' dir='ltr'>quod</span> <span class='ocrx_word' id='word_1_160' title='bbox 1149 2708 1236 2757; x_wconf 85' lang='lat' dir='ltr'>eam</span> 
     </span>
     <span class='ocr_line' id='line_1_25' title="bbox 236 2781 1235 2880; baseline 0.002 -26"><span class='ocrx_word' id='word_1_161' title='bbox 236 2784 406 2854; x_wconf 88' lang='lat' dir='ltr'>Asconio</span> <span class='ocrx_word' id='word_1_162' title='bbox 438 2781 637 2854; x_wconf 88' lang='lat' dir='ltr'>credamus</span> <span class='ocrx_word' id='word_1_163' title='bbox 667 2786 720 2855; x_wconf 90' lang='lat' dir='ltr'>ita</span> <span class='ocrx_word' id='word_1_164' title='bbox 758 2781 876 2853; x_wconf 89' lang='lat' dir='ltr'>multo</span> <span class='ocrx_word' id='word_1_165' title='bbox 908 2783 991 2880; x_wconf 89' lang='lat' dir='ltr'>plus</span> <span class='ocrx_word' id='word_1_166' title='bbox 1023 2781 1235 2880; x_wconf 80' lang='lat' dir='ltr'>profuisse?</span> 
     </span>
     <span class='ocr_line' id='line_1_26' title="bbox 238 2876 1233 2972; baseline -0.003 -20"><span class='ocrx_word' id='word_1_167' title='bbox 238 2876 316 2952; x_wconf 88' lang='lat' dir='ltr'>Sed</span> <span class='ocrx_word' id='word_1_168' title='bbox 349 2879 538 2951; x_wconf 89' lang='lat' dir='ltr'>Gesnerus</span> <span class='ocrx_word' id='word_1_169' title='bbox 571 2879 675 2950; x_wconf 86' lang='lat' dir='ltr'>haud</span> <span class='ocrx_word' id='word_1_170' title='bbox 704 2879 826 2952; x_wconf 91' lang='lat' dir='ltr'>dubie</span> <span class='ocrx_word' id='word_1_171' title='bbox 857 2906 936 2952; x_wconf 91' lang='lat' dir='ltr'>non</span> <span class='ocrx_word' id='word_1_172' title='bbox 962 2879 1233 2972; x_wconf 86' lang='lat' dir='ltr'>arbitrabatur,</span> 
     </span>
     <span class='ocr_line' id='line_1_27' title="bbox 237 2975 1235 3052; baseline 0.004 -6"><span class='ocrx_word' id='word_1_173' title='bbox 237 2986 409 3047; x_wconf 84' lang='lat' dir='ltr'>nostrum</span> <span class='ocrx_word' id='word_1_174' title='bbox 453 3001 540 3048; x_wconf 89' lang='lat' dir='ltr'>cum</span> <span class='ocrx_word' id='word_1_175' title='bbox 582 2975 650 3047; x_wconf 92' lang='lat' dir='ltr'>illo</span> <span class='ocrx_word' id='word_1_176' title='bbox 700 3001 795 3049; x_wconf 89' lang='lat' dir='ltr'>aevo</span> <span class='ocrx_word' id='word_1_177' title='bbox 841 3002 926 3052; x_wconf 87' lang='lat' dir='ltr'>esse</span> <span class='ocrx_word' id='word_1_178' title='bbox 967 2978 1041 3052; x_wconf 90' lang='lat' dir='ltr'>hac</span> <span class='ocrx_word' id='word_1_179' title='bbox 1083 2982 1235 3052; x_wconf 86' lang='lat' dir='ltr'>ratione</span> 
     </span>
     <span class='ocr_line' id='line_1_28' title="bbox 239 3073 1235 3172; baseline 0 -25"><span class='ocrx_word' id='word_1_180' title='bbox 239 3073 564 3171; x_wconf 85' lang='lat' dir='ltr'>comparandum:</span> <span class='ocrx_word' id='word_1_181' title='bbox 609 3074 659 3144; x_wconf 90' lang='lat' dir='ltr'>ad</span> <span class='ocrx_word' id='word_1_182' title='bbox 693 3075 800 3172; x_wconf 76' lang='lat' dir='ltr'>quod</span> <span class='ocrx_word' id='word_1_183' title='bbox 825 3074 988 3154; x_wconf 86' lang='lat' dir='ltr'>sufficiet</span> <span class='ocrx_word' id='word_1_184' title='bbox 1015 3099 1235 3148; x_wconf 89' lang='lat' dir='ltr'>commone-</span> 
     </span>
     <span class='ocr_line' id='line_1_29' title="bbox 235 3169 1235 3270; baseline -0.001 -25"><span class='ocrx_word' id='word_1_185' title='bbox 235 3171 385 3264; x_wconf 78' lang='lat' dir='ltr'>facere,</span> <span class='ocrx_word' id='word_1_186' title='bbox 425 3169 647 3270; x_wconf 88' lang='lat' dir='ltr'>quod.ipse</span> <span class='ocrx_word' id='word_1_187' title='bbox 680 3172 793 3268; x_wconf 84' lang='lat' dir='ltr'>e&#39;tiam</span> <span class='ocrx_word' id='word_1_188' title='bbox 820 3173 979 3264; x_wconf 91' lang='lat' dir='ltr'>Cicer0,</span> <span class='ocrx_word' id='word_1_189' title='bbox 1016 3199 1098 3246; x_wconf 88' lang='lat' dir='ltr'>sese</span> <span class='ocrx_word' id='word_1_190' title='bbox 1128 3172 1235 3245; x_wconf 84' lang='lat' dir='ltr'>illam</span> 
     </span>
     <span class='ocr_line' id='line_1_30' title="bbox 238 3269 1233 3370; baseline -0.002 -28"><span class='ocrx_word' id='word_1_191' title='bbox 238 3269 474 3368; x_wconf 84' lang='lat' dir='ltr'>diligentiam</span> <span class='ocrx_word' id='word_1_192' title='bbox 523 3292 628 3342; x_wconf 92' lang='lat' dir='ltr'>suam</span> <span class='ocrx_word' id='word_1_193' title='bbox 677 3269 887 3367; x_wconf 88' lang='lat' dir='ltr'>perdidisse</span> <span class='ocrx_word' id='word_1_194' title='bbox 939 3291 1115 3370; x_wconf 83' lang='lat' dir='ltr'>expertus</span> <span class='ocrx_word' id='word_1_195' title='bbox 1159 3288 1233 3343; x_wconf 87' lang='lat' dir='ltr'>est:</span> 
     </span>
     <span class='ocr_line' id='line_1_31' title="bbox 237 3366 1233 3470; baseline 0.002 -32"><span class='ocrx_word' id='word_1_196' title='bbox 237 3367 464 3441; x_wconf 82' lang='lat' dir='ltr'>haeczenirn</span> <span class='ocrx_word' id='word_1_197' title='bbox 489 3366 648 3466; x_wconf 81' lang='lat' dir='ltr'>legimus</span> <span class='ocrx_word' id='word_1_198' title='bbox 673 3367 845 3459; x_wconf 79' lang='lat' dir='ltr'>in,locO,</span> <span class='ocrx_word' id='word_1_199' title='bbox 874 3396 986 3470; x_wconf 81' lang='lat' dir='ltr'>quem</span> <span class='ocrx_word' id='word_1_200' title='bbox 1011 3397 1030 3440; x_wconf 85' lang='lat' dir='ltr'>a</span> <span class='ocrx_word' id='word_1_201' title='bbox 1058 3370 1233 3442; x_wconf 85' lang='lat' dir='ltr'>Gesnero</span> 
     </span>
     <span class='ocr_line' id='line_1_32' title="bbox 176 3465 1234 3566; baseline 0.002 -32"><span class='ocrx_word' id='word_1_202' title='bbox 176 3501 180 3510; x_wconf 90' lang='lat'><strong>·</strong></span> <span class='ocrx_word' id='word_1_203' title='bbox 236 3483 334 3564; x_wconf 85' lang='lat' dir='ltr'>puto</span> <span class='ocrx_word' id='word_1_204' title='bbox 356 3469 576 3539; x_wconf 88' lang='lat' dir='ltr'>memoriter</span> <span class='ocrx_word' id='word_1_205' title='bbox 600 3465 793 3537; x_wconf 89' lang='lat' dir='ltr'>laudatum</span> <span class='ocrx_word' id='word_1_206' title='bbox 822 3491 927 3544; x_wconf 73' lang='lat' dir='ltr'>esse:</span> <span class='ocrx_word' id='word_1_207' title='bbox 962 3470 1060 3547; x_wconf 83' lang='lat' dir='ltr'>Ais,</span> <span class='ocrx_word' id='word_1_208' title='bbox 1088 3485 1133 3538; x_wconf 85' lang='lat' dir='ltr'>ut</span> <span class='ocrx_word' id='word_1_209' title='bbox 1157 3485 1234 3566; x_wconf 73' lang='lat' dir='ltr'>&#39;ego</span> 
     </span>
     <span class='ocr_line' id='line_1_33' title="bbox 237 3565 1246 3648; baseline 0.001 -14"><span class='ocrx_word' id='word_1_210' title='bbox 237 3565 493 3645; x_wconf 67' lang='lat' dir='ltr'>discesserim,</span> <span class='ocrx_word' id='word_1_211' title='bbox 540 3570 676 3636; x_wconf 81' lang='lat' dir='ltr'>omnio</span> <span class='ocrx_word' id='word_1_212' title='bbox 721 3570 897 3637; x_wconf 83' lang='lat' dir='ltr'>omnium</span> <span class='ocrx_word' id='word_1_213' title='bbox 939 3568 1049 3636; x_wconf 81' lang='lat' dir='ltr'>diota</span> <span class='ocrx_word' id='word_1_214' title='bbox 1091 3569 1134 3634; x_wconf 81' lang='lat' dir='ltr'>in</span> <span class='ocrx_word' id='word_1_215' title='bbox 1172 3589 1246 3648; x_wconf 75' lang='lat' dir='ltr'>me</span> 
     </span>
     <span class='ocr_line' id='line_1_34' title="bbox 239 3661 1234 3761; baseline 0 -31"><span class='ocrx_word' id='word_1_216' title='bbox 239 3661 474 3756; x_wconf 84' lang='lat' dir='ltr'>conferri...</span> <span class='ocrx_word' id='word_1_217' title='bbox 520 3664 718 3761; x_wconf 76' lang='lat' dir='ltr'>Equidem</span> <span class='ocrx_word' id='word_1_218' title='bbox 741 3665 974 3758; x_wconf 76' lang='lat' dir='ltr'>sperabam,</span> <span class='ocrx_word' id='word_1_219' title='bbox 1001 3667 1062 3731; x_wconf 79' lang='lat' dir='ltr'>ita</span> <span class='ocrx_word' id='word_1_220' title='bbox 1088 3677 1234 3732; x_wconf 77' lang='lat' dir='ltr'>nocato</span> 
     </span>
     <span class='ocr_line' id='line_1_35' title="bbox 236 3756 1235 3856; baseline 0 -28"><span class='ocrx_word' id='word_1_221' title='bbox 236 3765 301 3828; x_wconf 85' lang='lat' dir='ltr'>m&#39;e</span> <span class='ocrx_word' id='word_1_222' title='bbox 326 3756 524 3855; x_wconf 82' lang='lat' dir='ltr'>reliquisse</span> <span class='ocrx_word' id='word_1_223' title='bbox 544 3784 696 3856; x_wconf 81' lang='lat' dir='ltr'>genera</span> <span class='ocrx_word' id='word_1_224' title='bbox 728 3761 924 3834; x_wconf 80' lang='lat' dir='ltr'>dictorum</span> <span class='ocrx_word' id='word_1_225' title='bbox 954 3785 1151 3838; x_wconf 84' lang='lat' dir='ltr'>meorum,</span> <span class='ocrx_word' id='word_1_226' title='bbox 1190 3775 1235 3828; x_wconf 79' lang='lat' dir='ltr'>uc</span> 
     </span>
     <span class='ocr_line' id='line_1_36' title="bbox 240 3851 1234 3956; baseline 0 -32"><span class='ocrx_word' id='word_1_227' title='bbox 240 3857 425 3953; x_wconf 78' lang='lat' dir='ltr'>cognosci</span> <span class='ocrx_word' id='word_1_228' title='bbox 460 3877 530 3926; x_wconf 80' lang='lat' dir='ltr'>suo</span> <span class='ocrx_word' id='word_1_229' title='bbox 565 3873 704 3953; x_wconf 83' lang='lat' dir='ltr'>sponte</span> <span class='ocrx_word' id='word_1_230' title='bbox 737 3873 904 3953; x_wconf 80' lang='lat' dir='ltr'>possent.</span> <span class='ocrx_word' id='word_1_231' title='bbox 959 3857 1040 3930; x_wconf 80' lang='lat' dir='ltr'>Sed</span> <span class='ocrx_word' id='word_1_232' title='bbox 1071 3851 1234 3956; x_wconf 79' lang='lat' dir='ltr'>quondo</span> 
     </span>
     <span class='ocr_line' id='line_1_37' title="bbox 236 3949 1236 4042; baseline 0 -20"><span class='ocrx_word' id='word_1_233' title='bbox 236 3967 357 4022; x_wconf 76' lang='lat' dir='ltr'>tanco</span> <span class='ocrx_word' id='word_1_234' title='bbox 392 3949 500 4042; x_wconf 78' lang='lat' dir='ltr'>saeco</span> <span class='ocrx_word' id='word_1_235' title='bbox 533 3968 590 4022; x_wconf 82' lang='lat' dir='ltr'>est</span> <span class='ocrx_word' id='word_1_236' title='bbox 621 3955 664 4022; x_wconf 83' lang='lat' dir='ltr'>in</span> <span class='ocrx_word' id='word_1_237' title='bbox 696 3953 833 4032; x_wconf 61' lang='lat' dir='ltr'>urhe„</span> <span class='ocrx_word' id='word_1_238' title='bbox 855 3971 899 4025; x_wconf 81' lang='lat' dir='ltr'>ut</span> <span class='ocrx_word' id='word_1_239' title='bbox 931 3953 1037 4025; x_wconf 75' lang='lat' dir='ltr'>nihil</span> <span class='ocrx_word' id='word_1_240' title='bbox 1068 3969 1153 4023; x_wconf 85' lang='lat' dir='ltr'>tam</span> <span class='ocrx_word' id='word_1_241' title='bbox 1183 3955 1236 4022; x_wconf 84' lang='lat' dir='ltr'>sic</span> 
     </span>
     <span class='ocr_line' id='line_1_38' title="bbox 238 4043 1235 4156; baseline -0.002 -32"><span class='ocrx_word' id='word_1_242' title='bbox 238 4043 440 4156; x_wconf 64' lang='grc' dir='ltr'><strong><em>ιίκόθκρον,</em></strong></span> <span class='ocrx_word' id='word_1_243' title='bbox 484 4051 592 4148; x_wconf 81' lang='lat' dir='ltr'>quod</span> <span class='ocrx_word' id='word_1_244' title='bbox 630 4075 714 4120; x_wconf 80' lang='lat' dir='ltr'>nou</span> <span class='ocrx_word' id='word_1_245' title='bbox 750 4050 877 4126; x_wconf 76' lang='lat' dir='ltr'>alicui,</span> <span class='ocrx_word' id='word_1_246' title='bbox 898 4059 1117 4124; x_wconf 69' lang='lat' dir='ltr'>manustram</span> <span class='ocrx_word' id='word_1_247' title='bbox 1155 4073 1235 4122; x_wconf 86' lang='lat' dir='ltr'>esse</span> 
     </span>
    </p>
   </div>
   <div class='ocr_carea' id='block_1_5' title="bbox 0 0 1356 4548">
    <p class='ocr_par' dir='ltr' id='par_1_5' title="bbox 0 0 1356 4548">
     <span class='ocr_line' id='line_1_39' title="bbox 0 0 1356 4548; baseline 0 1"><span class='ocrx_word' id='word_1_248' title='bbox 0 0 1356 4548; x_wconf 95' lang='lat' dir='ltr'> </span> 
     </span>
    </p>
   </div>
  </div>
 </body>
</html>
