2730 4524
1061 363 1108 436 77

132 531 386 606 militudinem
410 527 509 602 illius
534 529 723 603 orationis.
775 530 820 599 In
846 552 931 629 epp.
958 533 1007 604 ad
1034 536 1107 609 div.

133 635 204 722 IX,
236 655 294 702 20.
336 627 425 700 dicit
459 645 607 700 auctor:
656 631 708 696 In
747 651 797 694 ea
836 653 961 700 coena
999 657 1110 705 cocus

132 752 238 798 meus
268 742 428 820 praeter
450 728 509 794 ius
535 722 692 818 'fervens
717 722 827 793 nibil
849 731 982 822 potuit
1004 733 1109 800 imi-

133 828 234 896 tari
264 823 300 894 Ιι.
327 847 359 894 e.
386 835 509 918 aeque
532 818 633 892 bene
659 836 809 890 coctum
846 839 885 893 et
915 824 1111 898 conditum

132 922 311 1020 parare,’''
326 916 482 1015 (quibus
508 915 553 990 cf.
581 917 659 989 Cic.
686 915 736 989 ad
760 919 833 987 Att.
853 920 887 1007 I,
911 932 982 1005 14:
1009 927 1111 995 Mes.

132 1016 236 1090 sollo
265 1014 436 1088 Consul
458 1030 515 1084 est
539 1018 733 1112 egregius,
749 1015 886 1108 fortis,
914 1037 1109 1102 constans,

134 1113 316 1212 diligens,
348 1114 474 1184 nostri
505 1108 710 1188 laudator,
741 1120 916 1192 amator,
947 1117 963 1184 i
970 1121 1110 1186 mito.

135 1227 228 1295 tor;
260 1226 300 1280 et
323 1231 378 1280 or.
406 1231 438 1278 c.
463 1205 509 1277 V.
546 1208 819 1299 Investigemus
843 1208 948 1286 hunc
970 1215 1109 1312 igitur,

134 1307 271 1385 Brute,
311 1309 344 1376 si
373 1324 586 1403 possumus,
623 1325 738 1400 quem
770 1326 973 1398 nunquam
1009 1313 1115 1382 vidit

134 1403 354 1479 Antonius,
381 1414 469 1476 auc,
499 1401 569 1494 qui
593 1400 755 1468 omnino
782 1397 914 1470 nullus
937 1426 1113 1500 unquam

132 1498 232 1589 fuit,
272 1521 387 1594 quem
408 1498 448 1594 si
476 1495 660 1563 imitari
690 1510 813 1591 atque
846 1505 1112 1592 caprimere

135 1619 218 1664 non
243 1615 457 1690 possumus,
491 1589 617 1688 quod
644 1589 763 1658 idem
795 1588 879 1662 ille
909 1597 995 1665 vix
1024 1599 1110 1668 deo

136 1692 404 1760 conoessum
434 1711 528 1757 esse
557 1685 756 1757 dicebat
786 1689 881 1781 cet)
934 1691 1042 1781 „Sed
1071 1699 1114 1769 in

132 1783 243 1875 loco,
270 1807 385 1887 quem
411 1780 668 1872 defendimus,
694 1806 746 1852 ne
798 1809 847 1854 ua
872 1804 970 1859 esset
994 1791 1114 1866 ambi-

134 1877 271 1982 guitas,
305 1883 441 1953 Cicero
472 1882 665 1982 praemisit
693 1901 791 1951 roca
818 1878 923 1952 ulum
947 1891 1114 1963 aemuli:

131 2005 224 2052 nam
250 1982 315 2077 qui
338 1982 438 2049 inter
461 2003 502 2054 se
526 1975 777 2066 aemulantur,
802 1997 889 2050 sunt
904 1977 986 2053 fere
1003 2009 1114 2082 pares

135 2099 182 2148 ea
206 2080 290 2174 ipsa
311 2073 507 2166 facultate,
534 2096 582 2145 ex
598 2098 673 2172 qua
689 2069 844 2144 laudem
861 2094 1007 2172 petunt.
1038 2081 1116 2154 Ad-

135 2171 234 2244 didit
256 2175 454 2270 praeterea
485 2173 597 2270 qnasi
627 2171 802 2269 quodam
826 2195 883 2243 ·...
909 2176 1114 2261 distracta,

127 2291 248 2343 uteo
273 2273 390 2366 magis
415 2285 577 2367 pateret,
603 2266 710 2365 quod
737 2285 895 2340 et·totus
919 2268 1027 2345 locus
1049 2273 1117 2362 'de-

137 2366 272 2456 clarat,
303 2391 383 2437 non
413 2384 491 2436 tam
519 2361 744 2437 Marcellum
770 2367 982 2441 imitatione
1007 2372 1117 2446 Cice-

133 2467 238 2537 ronis
262 2461 489 2561 profecisse,
522 2486 635 2560 quarn
661 2460 888 2535 Ciceronem
910 2463 1009 2540 illius
1033 2473 1118 2542 imi·

134 2567 281 2636 tatione
304 2558 417 2634 fuisse
442 2561 678 2632 excitatum.”

230 2659 336 2756 Ergo
361 2658 522 2728 etmihi
545 2675 657 2728 meae
681 2649 776 2748 cet.)
806 2660 1042 2761 „Postquam
1059 2680 1119 2736 ter

135 2752 340 2856 appellavit
353 2757 483 2826 Patres
503 2754 763 2850 Conscriptos,
790 2761 1022 2829 convertitur
1038 2778 1119 2833 tan·

136 2854 226 2926 dem
263 2852 313 2926 ad
351 2853 586 2924 Caesarem.''
612 2849 748 2942 Wolf,
794 2850 844 2924 de
875 2854 1011 2954 quibus
1036 2882 1117 2930 non

136 2949 292 3052 placent
314 2948 380 3020 illa
405 2948 586 3024 Weiskii:
623 2951 744 3038 „Non
775 2955 1001 3026 meminerat
1026 2977 1116 3054 ergo

127 3047 192 3120 ¹vir
217 3046 369 3134 doctus,
395 3043 497 3119 hunc
521 3044 636 3146 fuisse
660 3070 827 3134 morem,
857 3066 913 3138 ut,
945 3055 1010 3150 qui
1034 3075 1117 3123 ver-

135 3144 187 3216 ba
216 3141 388 3216 facerent
417 3148 458 3213 in
488 3162 638 3233 senatu,
680 3149 984 3246 sententiamque
1016 3139 1119 3220 dice-

135 3257 238 3329 rent,
270 3263 352 3311 non
383 3237 594 3330 consulem,
624 3239 693 3312 sed
723 3261 917 3314 senatores
935 3241 1119 3341 “alloque-

134 3353 285 3426 rentur,
336 3353 518 3408 vocarent
547 3360 597 3406 ue
644 3337 785 3407 Patres
835 3339 1117 3438 Conscn'ptos.”

134 3437 234 3508 Nam
251 3435 423 3531 -pn'mum
439 3432 483 3505 V.
505 3361 551 3504 cl.
576 3429 649 3504 sibi
673 3456 807 3529 parum
826 3451 985 3525 constat,
1012 3440 1120 3536 quip-

135 3554 186 3630 pe
217 3531 284 3628 qui
317 3525 393 3600 alio
423 3525 534 3618 loco,
566 3528 623 3601 his
654 3552 734 3600 non
763 3534 990 3602 sententiam
1025 3533 1118 3625 dici,
1218 3604 1223 3614 ,

136 3627 204 3700 sed
230 3629 385 3699 Caesari
410 3627 544 3722 gratias
562 3628 621 3725 agi
638 3625 917 3717 demonstrarit;
943 3645 1034 3704 tunc
1058 3647 1120 3705 ve·

131 3745 197 3815 ro,
237 3745 457 3823 quanquam
486 3745 568 3795 mos
599 3739 694 3812 erat,
731 3740 788 3814 ut,
829 3726 894 3821 qui
921 3725 963 3797 in
985 3747 1120 3800 senatu

136 3824 362 3893 sententiam
392 3818 582 3911 dicerent,
613 3821 655 3890 P.
681 3819 723 3892 C.
755 3819 1010 3918 appellarent:
1043 3825 1121 3916 hoc

65 3993 72 4006 ,
136 3935 265 3989 tamen
282 3939 363 3988 non
379 3915 569 4015 impediit,
596 3939 674 4016 quo
693 3916 817 3990 minus
834 3936 1004 3993 oratores
1023 3944 1120 3992 sem·

134 4035 207 4112 per
233 4037 298 4086 eos
321 4017 424 4111 ipsos
449 4012 751 4113 alloquerentur,
777 4037 865 4086 cum
884 4012 1021 4115 quibus
1037 4037 1119 4088 rem
