2702 4548
278 357 315 421 6.
1325 442 1326 468 l

1127 489 1130 514 t
1325 477 1326 526 t

278 563 359 613 non
384 540 439 614 sic
462 538 603 630 scribit,
629 556 809 636 tanquam
833 561 917 612 sese
944 538 993 612 de
1019 561 1066 611 ea
1089 538 1183 613 velit
1205 540 1288 615 de-

277 638 437 728 fendere
478 657 541 710 aut
579 637 626 709 ab
666 637 796 736 aliqua
835 637 948 737 culpa
983 635 1166 734 liberare;
1207 640 1288 712 sed
1325 659 1326 722 ἒ

280 761 363 811 earn
391 741 499 838 quasi
524 736 805 836 praetereundo
837 758 1159 826 commemorans,
1194 737 1287 811 Sul·
1325 731 1326 784 ³

277 840 381 934 picio
439 839 605 908 maxima
656 847 744 906 cum
798 831 942 905 laetitia
996 836 1286 908 restitutionem
1325 835 1326 868 ³

278 937 333 1006 st.
359 931 552 1024 Marcelli,
579 935 658 1004 eius
684 935 725 1002 in
752 929 951 1003 consulatu
977 930 1151 1031 collegae
1176 957 1285 1005 nun-

275 1035 347 1113 tiat
370 1031 491 1129 idque
515 1030 590 1105 hoc
615 1028 752 1120 modo,
777 1045 835 1121 ut,
868 1053 969 1129 quae
994 1053 1100 1101 mera
1125 1029 1175 1101 de
1201 1030 1285 1104 ha'c

246 1197 248 1200 .
277 1153 320 1200 re
350 1131 518 1199 narratio
549 1126 738 1217 videatur,
778 1131 969 1225 aptissima
998 1130 1113 1226 ipsius
1142 1131 1283 1201 incon-

276 1243 421 1299 stanter
444 1223 535 1298 facti
561 1229 754 1299 excusatio
784 1232 908 1299 sitae
935 1223 1118 1299 defensio.
1175 1228 1282 1298 Nam

203 1334 205 1338 ’
278 1321 328 1395 de
353 1346 503 1396 summa
528 1323 632 1396 illius
656 1327 739 1395 diei
759 1324 1056 1422 pulchritudine
1073 1350 1123 1394 ac
1142 1325 1279 1424 digni·
1326 1311 1327 1322 ἵ

277 1437 386 1503 tate,
432 1423 482 1495 de
519 1426 649 1522 specie
692 1421 855 1520 reipubl.
902 1423 1180 1500 reviviscentis,
1225 1422 1278 1493 de

279 1521 461 1594 Caesaris
485 1543 550 1590 ma
580 1520 766 1589 nitudine
795 1522 945 1600 animi,
978 1519 1272 1599 moderatione,

278 1619 482 1696 bonitate,
564 1619 705 1713 enique
742 1611 791 1684 de
826 1632 985 1686 senatus
1020 1617 1149 1686 studio
1190 1639 1276 1686 ma-

276 1719 386 1784 aimo
419 1727 462 1784 et
491 1712 628 1810 officio
660 1715 715 1784 sic
744 1711 960 1809 praedicat,
994 1729 1036 1782 ut
1065 1737 1116 1784 ne
1147 1735 1278 1784 moro-

275 1813 355 1881 sior
397 1810 556 1908 quidem
591 1807 708 1882 iudex
752 1831 857 1899 eum,
901 1812 932 1880 si
973 1809 1049 1882 hoc
1093 1809 1155 1880 die
1192 1835 1278 1882 non

274 1905 392 2007 plane
417 1910 551 1996 tacuit,
584 1906 845 1979 condemnare
870 1931 980 2005 posse
1005 1905 1194 1996 videntum
1229 1932 1279 1980 ac

274 2005 484 2106 posthaec
509 2008 656 2095 omnia,
691 2006 784 2106 quid
809 2024 866 2077 tot
894 2003 1007 2077 rebus
1039 2005 1159 2076 modo
1191 2030 1278 2078 non

277 2123 434 2177 coactus
451 2106 533 2201 ipse
552 2101 705 2195 fecerit,
734 2121 959 2176 cunctanter
979 2103 1275 2203 quodammodo

276 2205 442 2298 (attente
468 2199 584 2305 relegi
610 2201 810 2300 epistolam
832 2202 1009 2297 velimus)
1036 2219 1073 2275 et
1096 2200 1277 2274 modera-

274 2303 416 2372 tissime
454 2295 607 2371 effatur:
664 2304 809 2469 Itague
838 2300 1018 2399 pluribus
1046 2299 1178 2370 uerbis
1208 2305 1278 2400 egi

218 2464 221 2472 ,
277 2399 439 2474 Caesari
456 2397 635 2496 gratias·
666 2402 731 2496 qui
758 2423 802 2472 us
834 2397 1008 2498 quidem,
1045 2397 1153 2496 quasi
1184 2417 1277 2470 eum

135 2473 171 2553 '-
274 2495 402 2568 subito
444 2491 536 2567 facti
580 2500 798 2592 poeniteat,
845 2495 913 2566 sed
963 2517 1067 2584 vere,
1112 2497 1274 2594 opinor,

273 2593 511 2666 voluntatem
540 2613 646 2664 suam
670 2595 821 2690 penitus
854 2615 1077 2665 conversam
1108 2599 1277 2666 necessi-

274 2695 358 2765 tatis
389 2693 520 2790 specie
553 2687 721 2790 quadam
753 2708 994 2764 excusaturus
1027 2689 1150 2788 addit:
1192 2715 1277 2761 me-

271 2817 352 2888 ¹que
383 2807 516 2859 metuo
550 2815 601 2860 ne
634 2793 758 2861 etiarn
795 2795 839 2860 in
876 2793 1015 2860 ceteris
1049 2787 1166 2868 rebus
1188 2787 1277 2859 'ho-

274 2899 383 2956 nesto
410 2888 493 2954 otio
515 2890 729 2985 privatim,
761 2888 871 2986 quod
903 2897 992 2958 'erat
1021 2905 1144 2956 unum
1168 2886 1277 2958 sola-

141 3009 148 3024 ’
219 3041 222 3046 ,
274 2986 374 3054 tium
398 2985 440 3050 in
467 2981 590 3053 malta.

368 3081 586 3169 Nescimus,
615 3079 707 3180 quid
726 3077 915 3179 Sulpicius
935 3080 1034 3154 haec
1052 3078 1182 3180 legens
1203 3105 1277 3156 co-

187 3184 191 3191 '
273 3179 464 3276 girareriu
507 3176 618 3249 nobis
657 3174 815 3277 qu'idem
858 3177 995 3250 modus
1034 3197 1073 3250 et
1110 3179 1278 3254 ambitus

271 3275 425 3349 illorum
452 3276 634 3376 plurium¹
659 3276 875 3347 verborum
900 3301 947 3349 ex
969 3280 1014 3348 iis
1040 3275 1192 3348 videtur
1215 3275 1277 3350 fa.

241 3427 245 3434 -
274 3373 435 3446 cillimus
459 3375 629 3446 inventu.
685 3375 836 3445 Etenim
870 3394 935 3447 aut
965 3374 1183 3475 putabimus
1209 3377 1277 3448 Gi-

274 3473 457 3543 ceronem
481 3475 591 3545 istam
616 3473 700 3543 diei
718 3473 1055 3572 pulchritudinem
1075 3495 1121 3546 ac
1141 3475 1277 3572 digni-

272 3583 421 3646 tatem,
453 3575 620 3668 speciem
653 3573 749 3668 reip.
782 3574 1059 3660 reviviscentis,
1094 3572 1278 3662 Caesaris

271 3667 597 3764 magnitudinem
633 3671 763 3738 animi
806 3686 878 3741 cet.
915 3687 1030 3764 supra
1071 3663 1277 3740 veritatem

273 3764 441 3832 auxisse:
473 3759 516 3832 id
540 3779 633 3838 vero
658 3765 691 3835 si
714 3762 823 3855 fecit,
854 3767 1102 3862 (praesertim
1127 3765 1177 3851 ad
1201 3763 1277 3837 ho-

270 3860 434 3947 minem,
465 3861 529 3931 cui
560 3861 698 3934 eadem
722 3866 762 3934 in
790 3859 967 3959 epistola,
998 3866 1123 3962 ipsum
1146 3862 1278 3936 hono-

270 3954 548 4030 rificentissime
582 3980 605 4028 a
630 3961 795 4032 Caesare
827 3955 876 4033 de
901 3959 1103 4058 prudentia
1126 3978 1166 4034 et
1187 3983 1277 4033 mo-

268 4055 476 4130 'leratione
499 4053 698 4128 laudatum
722 4075 823 4158 esse,
850 4061 1106 4159 perscripsit,)
1138 4075 1277 4159 aperte
