2730 4524
165 294 304 409 ‚¹96

142 520 144 524 '
255 512 353 585 nihil
375 513 474 590 inest
492 506 711 615 poeticum,
740 528 783 584 ut
816 535 897 585 non
921 514 1045 586 minus
1068 513 1247 618 usurpari
1289 577 1292 586 .

113 675 116 681 s
252 607 422 685 'aruerit
469 637 493 684 a
540 633 677 714 prosae
727 614 907 683 orationis
956 615 1244 710 scriptoribus.''

155 716 157 721 ’
254 633 402 812 lleisk.
446 710 599 808 ¹Quibus
625 705 727 781 adde
753 706 833 780 Cic.
861 707 1013 806 de'opt.
1038 711 1101 785 IV.
1147 717 1247 788 Cum

253 819 433 876 antiton
456 809 726 880 adhibeantur
750 807 807 874 ad
830 829 992 884 cauves,
1030 825 1106 877 aut
1127 813 1245 882 adbi-

227 912 230 918 ’
255 901 332 976 biti
354 905 629 976 derideantur:
671 905 824 972 namsi
847 907 932 969 an.¹
960 921 1121 983 eantur,
1148 925 1246 980 esset

253 999 299 1068 id
326 1002 452 1094 ipsum
480 1003 720 1072 Atticorum.
759 1015 797 1067 et
835 995 884 1068 de
918 997 1069 1070 Senect.
1105 1001 1242 1079 xvm.

147 1102 150 1108 ’
213 1171 216 1178 Δ
252 1096 364 1168 Haec
387 1100 494 1167 enim
518 1101 602 1196 ipsa
626 1111 716 1165 sunt
739 1094 1011 1174 honorabilia,
1049 1103 1155 1192 quae
1179 1106 1242 1171 ‘ui-

252 1193 398 1262 dentur
420 1191 521 1263 levia
546 1207 668 1290 utque
693 1190 1144 1290 communiassalutari,
1170 1221 1242 1295 ap.

247 1291 350 1386 peti,
376 1289 528 1369 decedi,
553 1292 712 1385 assurgi.
754 1284 802 1359 cf.
833 1287 1002 1357 Perizon.
1038 1287 1087 1358 ad
1112 1290 1238 1368 sanct.

252 1386 410 1458 Minerv.
435 1385 498 1474 ΙΙΙ,
525 1411 559 1474 2,
579 1395 612 1471 3.
639 1387 714 1456 Iac.
731 1384 789 1454 Fr.
807 1385 1086 1477 Heusingerum
1112 1388 1239 1463 ad'de

253 1476 318 1554 off.
344 1483 395 1572 II,
421 1493 454 1568 4.
493 1498 530 1554 et
561 1505 661 1580 quae
682 1499 804 1578 'supra
833 1483 1048 1578 scripsimus
1082 1482 1131 1554 ad
1155 1489 1237 1580 flu·

250 1604 342 1651 men
366 1583 530 1678 ingenii.
555 1581 599 1650 II.
632 1591 665 1664 4.

349 1676 520 1766 „Annon
546 1693 584 1747 et·
606 1676 647 1746 in
678 1673 824 1774 bellicis
854 1673 966 1766 rebus
1000 1697 1239 1774 cognoscen.
1336 1761 1337 1770 ἵ

252 1772 309 1844 dis
333 1775 500 1844 maximo
526 1772 776 1854 incendimur
798 1771 980 1843 studio?”
1005 1772 1124 1848 Wolf.
1175 1779 1238 1848 ln.
1337 1777 1338 1780 ’

251 1865 451 1943 cendimur
476 1867 648 1967 quidem,
674 1867 744 1939 sed
769 1862 862 1957 alio;
899 1866 963 1942 hic
988 1869 1101 1968 quale
1124 1874 1237 1970 signi·

248 1966 404 2057 ficetm,
443 1968 643 2065 sequentia
675 1963 886 2037 declarant:
929 1985 973 2038 ut
1004 1992 1071 2038 eos
1099 1993 1234 2068 saepe,

206 2060 209 2068 ’
249 2089 346 2164 quos
369 2087 576 2160 nunquam
600 2062 794 2142 vidimus,
819 2064 1041 2162 diligamus.
1134 2093 1137 2100 ¹

345 2161 407 2234 At
442 2184 538 2231 vero
575 2185 663 2230 curn
698 2157 855 2258 aliquid
886 2161 1101 2232 clementer
1137 2167 1233 2258 cet.)

248 2261 491 2356 „Imperator
532 2255 677 2327 nullam
714 2259 962 2328 occasionem
1001 2254 1120 2330 habet
1155 2262 1233 2332 cle·
1336 2283 1337 2352 ζ

246 2372 418 2436 menter,
445 2371 665 2434 mansuete,
690 2357 808 2433 iuste,
823 2356 1031 2425 moderate
1054 2359 1233 2454 agendi?

246 2471 290 2524 ut
313 2449 430 2550 plane
452 2454 641 2522 mittamus
665 2451 802 2520 misere
821 2445 988 2523 debilem
1011 2473 1145 2523 vocem
1169 2477 1232 2522 sa-

242 2551 445 2651 pienter.'’
470 2545 586 2620 Wolf.
634 2547 733 2618 ΝοῐιΙ
750 2569 845 2644 opus
865 2565 921 2621 est
940 2546 989 2618 ad
1013 2544 1112 2619 haec
1137 2548 1232 2620 mul·

245 2653 313 2738 tis,
360 2645 550 2746 siquidem
584 2642 658 2716 hoc
685 2648 769 2744 ipso
800 2647 841 2716 in
874 2645 963 2718 loeo
993 2647 1032 2714 in
1062 2645 1232 2718 ‘Caesare

244 2749 485 2842 imperatore
518 2741 651 2815 laudes
689 2766 711 2814 e
746 2740 860 2814 rebus
894 2739 1041 2815 bellicis
1077 2765 1232 2842 compa·

244 2859 378 2912 rantur
401 2866 488 2913 cum
508 2838 684 2912 laudibus
718 2861 740 2913 c
771 2858 972 2911 mansuete
1004 2857 1077 2913 cet.
1108 2838 1228 2912 factis.
1335 2871 1336 2924 ς

244 2939 308 3010 De
332 2960 429 3012 voce
453 2942 665 3034 sapienter,
679 2933 725 3008 cl.
746 2933 889 3011 Weisk.
915 2934 965 3008 ad
981 2937 1008 3012 Ι.
1043 2963 1073 3010 1.
1100 2942 1229 3009 incre·

243 3034 404 3108 dibileni
427 3037 674 3132 sapientiam.
896 3121 902 3132 ·
1268 3089 1273 3100 .

340 3131 471 3224 „Num
495 3153 586 3204 vero
612 3127 777 3202 bellicae
800 3129 936 3202 laudes
958 3129 1077 3204 modo
1101 3131 1146 3203 iis
1172 3153 1230 3202 re-
1334 3177 1335 3192 .

242 3229 313 3303 bus
339 3232 598 3317 continentur,
638 3252 737 3326 quae
769 3253 792 3298 a
822 3226 983 3300 ducibus
1014 3232 1053 3300 in
1079 3233 1163 3301 acie
1190 3246 1230 3300 et

243 3328 384 3399 ardore
407 3325 544 3426 proelii
568 3324 714 3397 fiuntl'’
734 3321 856 3399 Wolf.
874 3329 982 3425 „qui
1007 3325 1055 3397 de
1081 3325 1230 3398 bellicis

243 3428 415 3497 Caesaris
451 3424 634 3495 laudibus
664 3421 783 3494 lando
810 3422 967 3513 audivit,
1009 3425 1041 3494 is
1067 3420 1229 3495 medere

240 3522 348 3593 nullo
373 3520 491 3594 modo
516 3536 663 3619 potest,
697 3517 767 3593 sub
792 3519 940 3592 illarum
963 3522 1228 3592 nomine‘eius

241 3621 585 3692 mansuetudinem
612 3615 715 3690 lama
746 3617 931 3690 celebrari
1050 3619 1116 3715 qui
1145 3639 1230 3689 ver·
1333 3613 1334 3628 ¹

240 3712 334 3786 bum
357 3718 481 3813 ipsum
506 3714 601 3788 belli
628 3714 750 3802 audit,
791 3714 883 3815 quid
914 3713 982 3788 sub
1016 3712 1229 3784 virtutibus

185 3876 189 3882 .
242 3811 390 3884 bellicis
412 3811 609 3910 intelligit?
643 3811 749 3884 haud
779 3808 893 3886 dubie
919 3815 1019 3884 acies
1044 3808 1146 3882 bene
1170 3812 1230 3879 in·

240 3927 416 3997 structas,
432 3927 438 3940 ·
455 3933 674 4000 concursus,
738 3909 874 4000 roelia,
911 3910 1087 3981 victorias
1126 3907 1229 4005 cogi·

99 4090 105 4106 .
135 4025 335 4138 Α
349 4003 583 4092 celeritatem
599 4010 693 4108 sign'
724 4010 802 4081 cari
820 4024 939 4105 putat,
966 4003 1227 4177 calliditatFm,

121 4134 126 4137 ’
765 4120 768 4127 ’
1061 4173 1063 4176 .
1169 4124 1229 4176 ΟΓ·
