2702 4548
1057 347 1194 426 3„

103 534 284 612 nonnulli
315 533 521 620 sentirent,
547 524 762 625 intelligere
791 544 931 625 posset.
990 529 1108 625 Igitur

106 637 288 708 dixerunt
314 631 495 727 deinceps
521 625 742 716 Senatores,
781 644 818 697 et
844 650 931 697 oum
956 645 1108 699 senten-

104 739 169 807 tiis
213 725 288 810 sui's
330 735 532 827 gratiarum
574 727 769 795 actionem
813 721 864 792 ad
902 724 1127 798 Caesarem·
1215 769 1217 772 -
1273 755 1276 760 ·

107 832 426 904 coniunxerunt
476 825 526 896 At
553 845 665 911 vero,
703 819 903 919 quomodo
928 839 1109 919 poterant

105 946 307 1002 senatores
334 924 440 1024 quasi
466 921 515 992 de
541 946 583 992 re
609 915 728 989 dubia
746 919 951 990 sententias
970 923 1108 1016 rogari,

108 1052 216 1116 cum,
259 1023 349 1123 quid
388 1017 548 1109 vellent,
594 1018 720 1088 cuncti
760 1035 1032 1112 consurgentes
1072 1036 1110 1090 et

106 1122 330 1222 suppliciter
355 1117 404 1189 at'l
428 1118 632 1188 Caesarem
657 1112 842 1203 adeuntes
867 1116 955 1200 satis
980 1139 1110 1214 super.
1177 1155 1180 1160 .

109 1247 188 1322 qne
215 1213 494 1308 declarassent?
545 1216 624 1284 lmo
656 1215 769 1283 etiam
793 1214 824 1284 si
849 1208 926 1283 hoc
951 1235 1032 1284 non
1056 1212 1111 1288 fe·

111 1323 265 1407 cissent,
309 1339 443 1388 eorum
484 1309 532 1383 de
568 1309 648 1380 hoc
682 1312 764 1378 viro
794 1307 970 1380 voluntas
1003 1311 1109 1384 nulla

108 1440 193 1490 esse
238 1413 387 1486 dubia'
426 1413 599 1493 otuisset3
640 1404 830 1504 siquidem
866 1423 1013 1478 tantum
1051 1409 1110 1483 id-

109 1519 217 1588 circo
255 1516 296 1582 in
335 1437 449 1580 exilio
489 1504 655 1604 degebat
689 1501 940 1602 Caesarisque
979 1504 1111 1580 odium

111 1626 374 1697 contraxerat,
402 1602 508 1704 quod
534 1628 605 1701 pro
632 1605 801 1698 ipsorum
821 1605 1047 1677 auctoritate
1073 1622 1112 1678 et
1216 1661 1219 1670 .

112 1706 297 1806 dignitate
324 1707 445 1777 acrius
471 1717 744 1800 propugnaret.
805 1701 917 1793 Quae
944 1724 1032 1774 cum
1056 1705 1112 1774 ita

111 1808 203 1893 sint,
239 1801 345 1904 quod
377 1802 529 1872 nonnisi
552 1795 593 1870 in
619 1795 854 1868 discessione
880 1820 966 1868 cum
992 1804 1112 1879 nimia

109 1905 293 1976 varietate
318 1901 589 1972 sententiarum
621 1892 722 1966 facta
754 1893 837 1964 fieri
866 1893 1032 1988 solebat,
1069 1917 1112 1972 ut

111 1999 248 2098 singuli
281 1999 409 2070 denuo
441 1998 646 2067 sententias
678 2010 921 2087 rogarentur,
953 1999 985 2067 si
1016 1998 1113 2070 Cae.

111 2123 175 2172 sar
200 2096 239 2168 id
265 2101 306 2168 in
331 2093 431 2167 illins
457 2095 526 2162 viri
556 2093 795 2187 restitutione
826 2086 994 2163 lecisset:
1027 2119 1113 2168 non

115 2218 209 2268 sane
245 2193 323 2268 hoc
354 2189 447 2263 ludo
479 2190 627 2262 senatui
657 2190 837 2287 autiquae
861 2184 1043 2264 libertatis
1068 2194 1112 2264 si·
1180 2195 1182 2207 ’

116 2291 330 2368 mulacrum
355 2281 562 2387 praebere,
591 2284 660 2382 sed
693 2284 740 2358 de
768 2296 818 2356 ea
829 2284 988 2456 perdita
1014 2288 1116 2364 male

120 2411 371 2462 commonere
394 2390 492 2457 visus
516 2383 648 2456 fuisset
673 2407 719 2456 ac
745 2383 826 2456 deri
857 2407 933 2458 ere.
982 2390 1016 2460 A
1039 2413 1116 2488 qua

114 2485 307 2561 sententia
348 2487 573 2583 neutiquam
620 2479 693 2553 illis
748 2500 914 2556 avertor:
964 2484 1114 2576 (samm.
1172 2501 1174 2508 '

117 2587 180 2676 IV,
206 2590 264 2682 4.)
289 2588 393 2656 uisus
412 2583 659 2658 sumaridere
676 2584 841 2680 speciem
861 2581 1025 2680 rez’publ.
1053 2610 1114 2654 re-

118 2687 346 2777 viviscentis,·
385 2704 435 2751 ne
467 2706 514 2753 ue
557 2681 658 2750 enim
700 2680 878 2766 omnino,
919 2696 961 2748 ut
999 2703 1114 2779 supra

101 2777 276 2868 edocui,
300 2777 392 2851 huic
416 2705 515 2852 illius
542 2777 618 2848 diei
635 2773 850 2847 laudationi
874 2779 927 2846 ita
952 2776 1114 2850 multum

115 2875 283 2950 tribuere
313 2901 515 2976 possumus
547 2893 592 2946 et·
615 2877 725 2945 istam
757 2871 914 2972 quidem
946 2881 1114 2972 speciem

116 2975 278 3070 reipubl.
317 2979 442 3072 potuit
479 2975 618 3046 Cicero
662 2969 724 3052 vel
766 2975 807 3042 in
851 2970 929 3044 hoc
963 2971 1112 3064 videre,

117 3071 240 3170 quod,
276 3069 606 3173 quemadmodum
631 3067 792 3142 florente
817 3068 966 3168 republ.
1021 3075 1115 3142 riva-

45 3238 49 3246 ,
117 3186 244 3244 torum
279 3169 487 3242 simultates
526 3170 721 3242 communi
760 3165 872 3241 saluti
910 3097 1116 3267 postbabe·

117 3263 272 3356 bantur,
311 3267 364 3336 ita
397 3265 473 3339 hoc
505 3265 569 3338 die
602 3269 760 3357 Caesar,
799 3268 994 3337 communi
1020 3265 1115 3338 desi-

118 3361 227 3438 derio
273 3361 431 3454 cedens,
481 3361 683 3452 Marcello,
725 3361 970 3436 acerbissimo
1013 3362 1115 3436 hosti

117 3483 204 3550 suo,
240 3463 393 3531 veniam
428 3462 702 3559 pristinamque
737 3461 957 3556 dignitatern
988 3461 1116 3534 reddi·

119 3559 237 3632 derat.
294 3562 378 3632 Nec
402 3561 520 3656 magis
550 3557 733 3658 equidem
763 3556 829 3629 illa
854 3555 1113 3634 de'Marcello

120 3651 346 3756 comprobo.
411 3659 511 3728 Nam
536 3659 568 3726 si
593 3680 732 3753 ponas,
768 3643 971 3730 Caesarem
1001 3658 1113 3750 adeo,

118 3774 159 3827 ut
181 3757 234 3828 ita
268 3753 412 3847 dicam,
445 3751 640 3840 subtiliter
666 3753 810 3828 bonum
839 3753 982 3849 fuisse,
1004 3763 1047 3829 'ut
1079 3763 1134 3830 ei*

119 3856 198 3925 viro
219 3852 296 3926 hoc
314 3853 434 3926 modo
454 3847 685 3925 beneficium
708 3849 828 3939 vellet,
844 3858 956 3926 etiam
980 3858 1115 3927 iucun-

122 3947 203 4024 dius
233 3950 415 4042 reddere3
446 3955 529 4052 ipsa
564 3969 692 4022 tamen
725 3977 781 4024 ars
814 3950 880 4024 illa
912 3951 1114 4024 manifesto

122 4067 177 4123 est
201 4051 406 4146 eiusmodi,
440 4074 540 4156 quae
569 4073 645 4123 nec
671 4053 826 4126 Caesari
849 4041 1006 4150 plac'ere
1029 4072 1140 4148 posg
1169 4130 1171 4136 ¹
