2730 4524
1008 339 1011 346 l
1053 311 1128 427 ,ιοὲ

138 560 219 608 rant
256 559 304 608 ex
341 538 468 608 animo
497 534 758 608 vehementius
792 551 985 608 commoto
1018 557 1126 606 terror⁶

138 657 215 708 tam
246 639 411 706 maxime
447 657 494 706 ex
518 637 651 731 ipsius,
677 638 717 704 in
745 651 917 732 quaest,
945 637 1126 732 orationis

137 731 379 804 vehementia
420 751 458 804 et
493 730 691 802 altitudine
731 727 1005 802 aestimandam
1046 753 1127 800 esse

140 853 298 918 cense03
335 828 544 930 dequibus
571 832 659 928 qui,
699 853 799 928 quae
822 851 864 900 su
895 852 936 898 ra
962 827 1129 924 disputa-

137 931 277 1017 vimus,
316 946 458 1000 attente
490 926 688 1024 relegerit,
722 924 827 998 haud
859 852 976 997 lubre
1002 921 1129 994 nobis-

31 1066 50 1074 ··
139 1049 228 1096 cum
252 1024 385 1098 verba:
415 1029 585 1120 parietes
615 1017 860 1094 medius'cet.
892 1021 997 1096 bona
1022 1023 1130 1094 Cice-

140 1145 315 1220 roneque
346 1119 450 1192 haud
484 1120 641 1216 indigna
676 1119 872 1194 iudicabit.
929 1117 987 1193 Of.
1019 1140 1130 1216 prae-

139 1237 245 1289 terea
271 1219 507 1293 doctissimas
531 1215 581 1288 de
605 1215 680 1288 hac
709 1215 829 1315 figura
859 1215 1131 1318 disputationes

138 1317 302 1390 Wormii
327 1336 366 1389 et
384 1309 564 1391 *Weiskit

237 1415 355 1512 Quod
393 1413 499 1484 breui
535 1428 712 1508 tempore
753 1451 801 1467 -
844 1412 920 1482 stris
955 1411 1129 1500 sedibus)

138 1513 263 1602 „Non
286 1508 423 1609 liquet,
451 1529 566 1608 quem
585 1507 853 1598 sententiolam
877 1507 914 1580 h.
935 1507 959 1580 l.
988 1507 1133 1604 disper·

140 1604 281 1678 diderit
304 1605 521 1705 praeclarus
548 1603 697 1676 artilex:
729 1625 856 1690 utrum
880 1603 1043 1701 intelligi
1067 1628 1133 1676 vo-⁴

68 1775 72 1784 ,
138 1703 252 1798 luerit
274 1705 390 1774 illam
413 1706 700 1774 auctoritatem
731 1703 991 1774 clarissimi
1013 1706 1130 1781 viri,

139 1799 220 1873 scil.
246 1801 507 1882 Marcelli,
540 1825 589 1870 an
611 1803 824 1898 pristinam
848 1803 1136 1869 auctoritatem

141 1900 319 1974 Curiae
348 1898 423 1970 sive
454 1893 940 1995 Senatorumlpopt'tli
963 1897 1134 1984 Romal·-

140 2000 205 2069 ni.'
246 1999 441 2064 Posterior
466 1993 624 2090 quidem
647 1995 744 2062 ratio
766 1994 980 2088 digniorem
999 1995 1133 2089 gratias

142 2089 283 2186 agendi
307 2095 506 2160 materiam
526 2089 635 2158 daret
651 2088 971 2184 parietibus‚nec
989 2090 1029 2158 in
1047 2111 1138 2185 pro-¹

141 2191 244 2258 xime
275 2185 464 2284 prioribus
493 2185 616 2258 verbis
645 2183 724 2254 ulla
752 2185 856 2258 facta
881 2203 937 2256 est
960 2183 1135 2258 Marcelli

141 2285 310 2354 mentio:
353 2287 391 2354 at
418 2286 474 2355 sie
504 2285 615 2353 nimis
650 2297 826 2355 contorta
858 2281 966 2355 fieret
996 2281 1133 2355 relatio

101 2403 103 2410 ’
141 2379 211 2460 triv
242 2403 401 2451 suorum
432 2399 470 2451 et
499 2385 576 2450 suis
606 2375 657 2448 ad
686 2378 891 2452 Senatores
920 2379 1006 2478 pro'
1027 2381 1136 2454 Cice·
1223 2409 1230 2426 ·

141 2475 252 2548 ronis'
291 2474 561 2550 candidissimo
607 2499 748 2574 genere
796 2475 1001 2550 scribendi.
1090 2481 1136 2548 In

141 2579 272 2672 priore
298 2571 426 2644 autem
450 2577 601 2645 ratione
630 2571 777 2646 facilius
807 2573 874 2646 illa
903 2575 1136 2672 pronomina

142 2670 374 2744 referrentur
393 2669 441 2742 ad
457 2670 654 2742 hominem
672 2693 770 2761 eum,
796 2676 868 2770 'qui'
881 2668 1001 2743 semel
1020 2674 1137 2768 scrip-

142 2773 234 2840 toris
260 2786 429 2841 mentem
461 2770 680 2866 occupavit,
724 2769 894 2866 quamvis
931 2771 985 2838 ita
1022 2769 1137 2840 etiam

143 2865 271 2964 aliqua
296 2861 467 2938 balbutie
493 2862 711 2938 offenderet
733 2865 800 2936 illa
824 2869 1045 2937 auctoritas
1059 2865 1157 2962 fua

144 2981 256 3034 turn
285 2968 329 3034 in
360 2963 419 3036 his
447 2963 617 3045 sedibus,
649 2965 674 3036 i.
708 2986 740 3035 e.
773 2965 953 3034 reditura
985 2965 1029 3054 in
1062 2962 1137 3036 Cu·
1210 3048 1212 3052 Ι

143 3062 283 3130 rium.’⁷
311 3078 382 3133 cet.
417 3058 538 3132 Wolf.
605 3061 699 3132 Post
727 3059 826 3132 haec
859 3078 986 3130 autem
1016 3059 1061 3130 V.
1089 3055 1135 3129 cl.

143 3159 265 3237 varias
303 3156 508 3228 doctorum
537 3155 704 3228 virorum
736 3156 785 3230 de
817 3155 900 3228 hoo.
930 3155 1021 3238 loco
1053 3175 1138 3226 sen-

144 3255 283 3323 tentias
308 3251 442 3324 laudat
465 3253 542 3324 hoc
571 3253 709 3342 modo,
742 3271 785 3323 ut
809 3277 945 3348 parum
971 3250 1136 3340 eluceat3

146 3373 338 3448 quaenam
362 3353 435 3447 ipsi
460 3353 625 3420 maxime
650 3347 853 3446 placuerit;
887 3369 1023 3446 quere,
1050 3371 1139 3418 eum

144 3469 222 3518 nec
246 3450 400 3542 petroni
418 3449 604 3542 orationis
631 3446 681 3518 de
713 3469 761 3518 eo
787 3450 873 3517 satis
900 3461 1139 3540 compertum

143 3541 323 3616 habuisse
347 3543 564 3634 videantur,
590 3567 658 3614 nos
683 3545 761 3613 iam
779 3541 947 3614 breviter
968 3557 1139 3612 nostram

146 3640 198 3715 de
236 3663 286 3712 eo
324 3645 554 3713 sententiam
591 3639 774 3712 dicemus.
845 3641 1014 3736 Nempe:
1052 3661 1139 3710 cum

145 3736 346 3828 Marcello,
367 3737 468 3810 hosti
481 3755 548 3808 tuo
564 3736 821 3826 acerbissimo,
841 3740 1042 3835 ignoveris,
1061 3759 1140 3806 ma·

146 3838 290 3906 nimam
314 3834 428 3909 nobis
451 3858 560 3933 spem
587 3832 743 3925 dedisti,
770 3833 907 3906 eadem
931 3852 969 3907 te
992 3836 1034 3904 in
1059 3857 1139 3905 om-

147 3953 216 4003 nes
240 3935 497 4032 Pompeianos
522 3955 677 4004 usurum
703 3947 785 4004 esse
812 3931 1019 4006 clementia
1050 3927 1146 4018 (cul
1166 3931 1184 3992 .’

149 4033 207 4100 ius
225 4047 398 4114 mentem
410 4055 615 4130 sensusque
633 4055 697 4106 eos
712 4035 923 4111 cernimus,
950 4044 1011 4108 ut,
1031 4029 1139 4122 quio
