2730 4524
1043 285 1091 365 83

101 470 198 544 cello
222 471 494 570 ineptissimam
519 491 600 542 esse
624 491 753 568 neque
779 472 815 541 ei
839 492 861 539 a
887 469 1088 564 Cicerone,

99 569 170 640 sed
200 595 226 639 a
255 572 502 668 grammatico
534 566 705 638 inditam.
778 569 813 639 Is
845 569 963 659 enim,
1002 575 1091 640 ‘cum

101 665 254 761 (samm.
289 667 351 754 IV,
391 669 447 757 rt.)
485 667 633 736 nonnisi
672 665 902 737 Ciceronem
938 689 988 736 eo
1025 666 1090 738 die

101 765 256 834 Caesari
299 787 370 861 pro
412 765 463 835 M.
506 760 690 836 Marcello
733 765 904 834 restituto
977 766 1090 837 ratias

101 864 223 957 egisse
245 857 406 959 legeret,
431 863 588 958 insuper
604 855 727 930 forma
748 861 929 931 orationis
948 788 1091 958 lecap-

100 975 160 1029 tus
184 979 393 1055 verumque
416 955 596 1052 indagare
621 959 789 1045 nescius,
815 955 919 1026 illam
944 973 1091 1031 temere

99 1058 302 1152 gratiarum
327 1055 519 1126 actionem
539 1076 620 1126 esse
639 1072 739 1126 ratus
759 1073 833 1140 est;
860 1053 965 1125 idem
983 1077 1089 1148 vero,

101 1177 189 1224 cum
214 1177 237 1221 a
260 1175 350 1250 cap..
371 1151 449 1223 Vll.
476 1149 527 1220 ad
551 1153 600 1220 X.
626 1147 676 1220 de
702 1149 841 1221 aliare
868 1155 927 1247 agi
952 1150 1090 1224 intelli·

100 1265 223 1345 geret,
260 1247 317 1319 his
354 1246 521 1320 eundem
554 1243 779 1318 Marcellum
818 1272 841 1317 a
872 1252 1091 1344 suspicione

102 1343 270 1444 quadam
296 1361 334 1415 et
353 1342 509 1442 querela
527 1344 698 1414 Caesaris
724 1342 888 1434 (scilicet
907 1344 957 1414 de
970 1339 1090 1417 *lacer-

100 1444 254 1529 bitate)
281 1437 440 1511 defendi
457 1441 630 1536 opinans,
658 1442 871 1511 orationem
894 1463 991 1510 non:
1014 1469 1090 1541 pro

78 1529 162 1610 Μ.
197 1537 401 1620 Marcello,
428 1541 608 1608 restituto
617 1567 632 1622 ,·
666 1535 752 1625 sed,
791 1560 869 1636 quo
905 1555 985 1608 turn
1016 1541 1092 1636 pri·

97 1657 205 1721 mae,
229 1653 311 1704 tum
338 1633 445 1704 alteri
470 1635 548 1705 eius
573 1637 670 1730 parti
695 1632 946 1724 satisfaceret,
972 1634 1091 1708 ambi·

99 1754 175 1828 gue
199 1734 402 1830 inscripsit:
424 1756 497 1830 pro
524 1733 583 1803 M.
611 1731 786 1802 Marcell
809 1785 817 1801 .
886 1733 972 1803 Nec
996 1755 1089 1805 vero

98 1828 142 1899 id
167 1846 223 1900 est
245 1830 285 1900 in
309 1847 440 1900 nostra
467 1831 691 1926 quaestione
715 1825 834 1900 levius
852 1825 1088 1922 habendum,

99 1924 170 1998 sed
195 1927 467 2021 gravissinrum3
494 1927 636 2024 quippe
655 1924 761 2022 quod
780 1950 858 1996 non
876 1924 996 1998 modo
1016 1926 1092 1998 cla·
1183 1959 1188 1966 ·

98 2025 262 2110 tissime,
294 2041 446 2118 praeter
471 2024 699 2094 Ciceronem
724 2021 840 2090 alium
871 2027 1091 2120 quempiam
1170 2035 1173 2043 '

98 2141 235 2190 manus
273 2121 548 2216 ingeniumque
583 2120 624 2187 in
661 2116 737 2188 hac
773 2123 947 2191 oratioue
984 2144 1091 2191 exer-

102 2218 226 2288 cuisse
264 2214 419 2298 decenn
463 2215 533 2287 sed
572 2216 703 2304 etiam,
776 2214 843 2286 uid
874 2214 958 2287 fere
1000 2217 1091 2291 huic

101 2312 330 2403 debeamus,
355 2311 457 2386 haud
476 2311 639 2385 obscure
656 2239 854 2410 signilcet·
904 2315 1093 2387 Nimirum

98 2409 188 2499 iste,
231 2412 262 2480 si
290 2413 568 2482 restitutionem
599 2408 853 2482 Marcelli'eo
883 2409 948 2483 die
972 2415 1093 2483 maxi.

98 2533 205 2578 mum
228 2505 341 2580 fuisse
365 2505 634 2581 arbitrabatur:
661 2511 875 2580 necessario
901 2526 940 2580 et
955 2512 1093 2581 oratio·

99 2609 159 2676 nis
186 2623 461 2703 campartem,
489 2603 640 2704 quade
665 2604 738 2676 hac
764 2608 907 2700 gratiae
934 2629 1092 2703 ageren-

99 2722 180 2792 tur,
223 2701 346 2792 alteri,
384 2729 463 2802 qua
492 2703 595 2777 idem
628 2701 831 2773 Marcellus
866 2727 890 2771 a
920 2703 1092 2777 Caesaris

100 2799 319 2896 suspicione
344 2799 512 2899 quadam
537 2795 691 2871 defendi
716 2797 924 2888 videretur,
950 2820 990 2872 et
1008 2825 1092 2897 gra·

99 2899 217 2968 vitate
270 2916 435 2970 raestare
454 2895 599 2969 debere
619 2901 765 2971 censuit
783 2912 822 2968 et
839 2893 1091 2996 longitudine.

99 2993 225 3092 Atque
242 2923 340 3068 ltine
370 2994 588 3096 profectum
611 3013 685 3084 est,
735 3011 846 3093 puto,
884 3013 927 3066 ut
951 2999 1094 3068 oratio-

99 3114 192 3162 nem
216 3096 375 3164 nonita
400 3097 642 3166 constitutam
677 3110 716 3164 et
746 3095 883 3165 ceteris
906 3091 1093 3164 Tullianis

99 3186 260 3261 fortasse
284 3187 417 3286 paullo
449 3213 500 3260 ne
524 3188 699 3286 ligentius
730 3194 912 3288 scriptam
940 3191 1001 3260 sui
1028 3213 1093 3260 ex·

101 3284 262 3357 ersendi
288 3307 402 3358 causa
427 3215 642 3384 expleturus
669 3305 925 3382 omnemque,
948 3288 982 3357 si
1005 3309 1096 3386 pos·

100 3401 179 3471 set,
217 3377 350 3454 melius
381 3381 648 3454 informaturus
680 3407 760 3464 non
789 3381 910 3453 modo
936 3383 1095 3480 caputI

102 3478 305 3552 exordium
346 3497 461 3578 atque
499 3481 552 3552 XI
587 3479 779 3577 epilogum
816 3481 852 3551 ei
891 3477 1092 3567 adiiceret;

101 3577 172 3649 sed
199 3581 312 3650 etiam
336 3577 463 3674 plura,
491 3599 590 3675 quae
614 3581 655 3647 in
679 3581 761 3673 ipsa
781 3573 889 3675 legit,
909 3576 1094 3650 industria

101 3675 214 3747 nobis
238 3677 314 3746 iam
339 3676 597 3774 ingratissima,
625 3671 734 3745 aliter
752 3677 978 3749 enuntiaret.
1011 3677 1096 3748 Nec

101 3796 190 3845 vero
216 3777 256 3843 in
280 3771 357 3847 hoc
383 3797 470 3844 eum
488 3770 529 3843 id
554 3773 676 3870 egisse
702 3767 808 3860 dico,
830 3769 892 3862 ut,
917 3797 987 3844 sua
1007 3797 1094 3846 cum

102 3866 289 3940 Tullianis
327 3869 529 3946 artificiose
568 3888 795 3960 contexens,
838 3893 958 3942 unum
1002 3867 1111 3942 inde'

105 3989 201 4066 opus
233 3965 420 4066 efiicereu
455 3965 533 4042 sed
563 3971 603 4040 in
635 3991 682 4137 ep
713 3991 815 4059 sese,
852 3985 894 4042 ut
924 3963 1093 4054 videtur,

708 4093 729 4138 2
