2730 4524
277 326 377 406 st*

283 511 487 599 continuit,
512 525 554 580 ut
577 529 679 608 quae
703 507 775 606 ipsi
798 505 1043 607 placuissent,
1076 525 1194 606 atque
1220 530 1269 581 ea

257 693 260 699 ¹
280 634 397 706 saepe
424 607 647 680 adumbrata
670 605 796 704 potius
821 632 935 704 quam
955 603 1167 696 elaborata,
1194 604 1269 679 illis

279 711 430 780 intactis
457 704 699 779 adscriberet.
747 705 791 773 In
818 728 893 800 quo
918 726 1058 801 genere
1083 707 1270 776 exercita-

282 807 394 876 tionis
428 801 535 902 qnod
567 799 678 874 facile
711 799 867 889 accidit,
907 819 949 871 ut
990 799 1154 872 eandem
1184 826 1267 872 rem

280 900 476 974 videamus
509 897 678 997 pluribus
710 899 869 994 exprimi
900 918 1014 994 posse
1036 896 1266 988 rationibus,
1357 971 1358 984 ,

170 1013 173 1016 ’
282 1023 392 1096 quas,
420 1023 507 1068 curn
529 994 732 1068 consilium
756 1011 925 1066 nostrum
948 996 1155 1091 permittat,
1188 1018 1269 1066 orn·

280 1119 347 1166 nes
377 1093 494 1164 literis
524 1096 804 1188 consignemus:
839 1091 916 1162 hoc
946 1097 984 1161 et
1015 1096 1265 1187 grammatico

277 1209 409 1262 nostro
439 1213 525 1260 cnm
551 1188 642 1260 alibi
664 1212 729 1259 sae
757 1192 813 1261 ius
838 1205 918 1260 tum
941 1190 1106 1260 maxime
1130 1185 1264 1261 hocin

268 1291 407 1384 capite
439 1285 625 1360 accidisse
663 1215 861 1384 perliibeo.
927 1286 1027 1356 Nam
1062 1281 1265 1359 manifesto

282 1388 362 1456 eius
386 1387 535 1456 initium
560 1381 697 1482 triplex
722 1401 795 1475 est,
828 1401 867 1454 et
897 1380 1053 1481 quidem
1081 1385 1263 1479 primum:

279 1485 473 1552 Dintnrm'
498 1482 648 1554 silencii
676 1535 749 1554 ...
775 1480 907 1580 finem
938 1479 1167 1550 hodiernus*
1183 1481 1267 1552 dies

281 1578 524 1652 atculn‘cet.
581 1581 754 1649 Tantam
784 1582 892 1649 enim
921 1576 1267 1648 mansuetudinem

361 1699 537 1767 possum
568 1672 744 1744 alterum:
770 1677 882 1746 Dint.
908 1673 966 1744 sil.
1065 1671 1143 1771 fin.
1170 1672 1265 1749 hod.

266 1771 317 1866 d.
351 1785 424 1839 otc.
463 1787 534 1844 cet.
585 1772 646 1841 M.
686 1774 793 1840 enim
826 1769 1026 1840 ¹Marcello
1140 1786 1265 1868 ματος
1359 1847 1360 1850 ¹

280 1867 448 1936 tertium:
479 1871 592 1940 Diut.
624 1866 683 1938 sil.
792 1865 869 1963 fin.
899 1865 989 1938 laod.
1022 1867 1058 1938 d.
1092 1881 1165 1938 att.
1190 1883 1263 1939 cet.

278 1962 479 2034 Dolebam
513 1968 621 2036 enim
758 1965 959 2035 distracto.
1028 1962 1174 2062 (Atque
1206 1966 1267 2034 sic

281 2060 395 2130 etiam
424 2062 601 2133 dolorem
628 2065 743 2134 istum
773 2057 1003 2156 explicatum
1031 2058 1151 2132 habes
1181 2081 1266 2132 ver-

279 2154 353 2228 bis:
391 2157 591 2229 Dolcbam
629 2161 736 2230 enim
774 2175 843 2229 cet.
877 2176 935 2228 et:
979 2159 1267 2232 verecundiam
1359 2153 1360 2178 ¹

278 2256 374 2324 istis:
418 2279 493 2324 nec
523 2254 623 2324 mihi
647 2255 884 2352 persuadere
911 2272 1111 2352 poteram,
1156 2253 1266 2350 quod

278 2367 423 2437 auctor,
447 2369 489 2421 ut
513 2349 624 2422 nobis
649 2350 808 2439 videtur,
839 2349 1082 2448 amplificavit
1103 2373 1267 2450 sequen·

277 2444 394 2518 tibus:
421 2473 496 2518 nec
510 2447 583 2543 fas
606 2473 686 2520 esse
704 2447 898 2519 ducebam
924 2452 1016 2543 cet.)
1067 2449 1176 2522 Haec
1200 2471 1266 2520 ve·
1360 2491 1361 2524 r

277 2567 341 2614 ro:
377 2545 576 2614 Dolebam
612 2549 716 2615 enim
757 2562 827 2616 cet.
868 2545 973 2616 dicas
1015 2549 1263 2641 grammatico

275 2643 483 2738 praecipue
514 2639 717 2738 placuisse,
754 2663 840 2714 cum
870 2647 914 2713 iis
949 2645 1114 2714 maxime
1151 2665 1265 2714 acco-

255 2736 432 2812 modata
456 2743 544 2828 sint,
578 2753 680 2837 quae
704 2761 744 2810 se
774 2758 928 2810 uuntur:
961 2741 1070 2836 Ergo
1098 2757 1138 2810 et
1163 2741 1265 2810 mihi

360 2836 589 2928 antefert&
619 2839 659 2906 in
690 2765 826 2934 quilius
858 2841 957 2908 inter
991 2835 1065 2907 alia
1089 2838 1262 2908 Caesaris

273 2929 339 2999 illa
366 2930 415 3002 de
433 2930 618 3003 Marcello
644 2956 704 3002 sus
730 2937 806 3003 icio
823 2953 1153 3024 commemoratur,
1180 2937 1263 3030 opi-

273 3028 382 3096 nioni
416 3025 575 3100 rhetoris
603 3027 691 3098 vide
708 3033 784 3100 icet
822 3035 1105 3128 congruentior,
1145 3056 1262 3130 quam

272 3122 452 3210 historiae
479 3143 517 3196 et
539 3126 697 3198 veritati.
755 3127 868 3200 Nunc
893 3146 1019 3198 autem
1041 3127 1150 3201 lictus
1176 3153 1264 3201 nos·

274 3240 334 3292 ter
379 3225 539 3310 Cicero,
578 3220 645 3292 ubi
685 3222 747 3293 vel
790 3248 900 3296 suum
941 3225 1003 3297 vel
1044 3244 1262 3299 ceterorum

273 3338 490 3402 senatorum
533 3342 555 3390 e
594 3325 829 3395 restitutione
865 3321 1037 3396 Marcelli
1078 3322 1268 3422 gaudium·

274 3435 313 3488 et
354 3413 519 3488 fructum
562 3415 754 3516 depinxit,
804 3419 853 3492 de
895 3420 973 3494 hoc
1014 3425 1128 3494 etiam
1148 3453 1154 3462 ’
1174 3425 1258 3518 ipso

272 3519 353 3587 viro
380 3515 754 3594 commemorandum
773 3521 934 3609 censuit,
961 3517 1189 3618 quod-idem
1205 3516 1261 3588 bi·

272 3606 406 3684 fariam
423 3614 541 3700 lecit,
571 3617 611 3682 in
642 3610 717 3684 his:
756 3615 833 3686 Ille
858 3619 1014 3715 quidem
1040 3635 1110 3690 cet.
1161 3617 1259 3686 Cae·

272 3709 344 3778 sari
377 3705 564 3779 nonnihil
585 3707 706 3779 laudis
737 3713 976 3808 impertiens,
1014 3716 1054 3782 in
1085 3710 1157 3782 illis
1190 3737 1258 3782 au-

271 3821 345 3874 tem
359 3805 464 3968 :ssEsc
483 3831 584 3890 ¹neno
599 3806 838 3901 fortunatus
860 3812 924 3880 ille
943 3825 1014 3880 cet.
1030 3808 1259 3882 Marcellum

271 3919 358 3972 ento
392 3924 468 3969 ens.
1268 3917 1272 3924 '

363 3998 519 4087 Nescio,
546 3997 640 4095 quid
669 4001 729 4086 .'‘
785 4003 864 4077 noti
891 3999 940 4075 de
964 3997 1022 4074 his
1047 4003 1272 4079 iudicaturi·
