2730 4524
236 306 284 386 93

238 487 335 560 lium
358 511 441 558 non
466 486 622 556 oderit?
729 484 903 556 alterurn
927 483 1231 579 (Hannibalem)

321 609 475 681 semper
496 583 747 654 haeccivitas
764 583 902 654 oderit.
931 600 1002 656 cet.
1047 583 1232 656 Ceterum

237 704 330 754 vero
358 679 407 752 de
431 678 489 750 his
520 678 695 750 audiatur
720 675 960 776 Spaldingius
990 685 1099 778 (pag.
1128 687 1229 773 21.):

240 781 426 870 „Fateor,
466 773 561 850 nihil
585 797 820 874 magnopere
846 772 1015 866 obstare,
1055 803 1133 876 quo
1157 783 1233 880 mi·¹

131 923 133 930 ·
162 891 168 904 '
238 901 310 948 nus
337 899 384 946 ex
409 876 583 946 oratione
606 899 675 945 sua
693 872 793 959 hoe,
847 871 927 944 uod
952 871 1138 970 placeret,
1166 880 1234 950 Ci.

217 995 332 1045 -cero
363 975 404 1043 in
437 971 731 1068 disputationem
764 897 1066 1066 phiIdsophicam
1097 993 1235 1046 contu·
1341 981 1343 992 '

239 1067 341 1161 lerit,
379 1071 479 1140 inter
509 1091 675 1166 eumque
704 1069 829 1163 ipsum
860 1069 1032 1138 imitandi
1054 1069 1233 1142 laborem

241 1167 463 1252 correxerit,
491 1189 591 1263 quae
617 1163 775 1237 calidius
798 1160 958 1239 fortasse
975 1173 1142 1241 oratorio
1162 1173 1233 1242 im-

240 1281 335 1361 petu
370 1261 548 1359 abreptus
583 1265 708 1357 primo
774 1263 1046 1338 ronunciasset.
1117 1269 1233 1340 Tunc

239 1363 354 1458 igitur
389 1361 680 1456 quddammodo
702 1383 703 1386 ¹
724 1285 818 1430 idad
861 1357 1066 1450 addiderit,
1122 1365 1231 1464 quod

240 1475 420 1556 posceret
443 1454 627 1529 sobrietas
652 1453 889 1554 philosophi,
913 1479 964 1528 ne
982 1455 1157 1532 homines
1173 1463 1230 1531 in-

243 1557 417 1651 cognitos
450 1570 489 1624 et
519 1551 583 1624 diu
616 1570 705 1623 ante
729 1571 900 1625 mortuos
924 1559 1006 1630 sine
1030 1555 1109 1628 uIIa
1131 1557 1231 1630 mol.

240 1650 361 1725 liendi
391 1648 555 1724 formula
588 1649 757 1745 diligere
795 1648 1053 1723 diceremur.”
1089 1644 1227 1755 quibus

243 1746 291 1822 cf.
316 1750 520 1822 sententias
544 1743 714 1818 similiter
739 1767 932 1842 expressas
963 1752 1004 1820 in
1028 1745 1155 1826 famm'.
1181 1753 1228 1843 V,
1342 1813 1343 1830 ἶ

246 1859 319 1932 13.:
357 1843 613 1937 Transferam
635 1845 817 1916 animam
835 1846 898 1918 ,ad
918 1871 986 1926 ea,
1013 1847 1148 1945 quibus
1170 1875 1229 1922 se-

242 1940 399 2012 cundae
430 1964 490 2012 res
526 1955 740 2019 ornantur,
772 1939 960 2013 adversae
989 1947 1232 2018 adiuvantur
1342 1941 1343 1980 ³

244 2056 322 2112 cetr
341 2056 379 2112 et
404 2053 496 2110 orat.
521 2059 593 2136 pro
618 2033 729 2106 Arch.
755 2037 852 2108 VII:
878 2040 991 2110 Haec
1012 2043 1144 2114 studia

242 2136 432 2208 secundas
455 2159 515 2206 res
538 2149 703 2214 ornant,
741 2135 907 2205 adversis
926 2138 1155 2237 perfirgr'um
1177 2165 1230 2210 ae

242 2232 430 2306 solatium
459 2230 655 2328 praebent
687 2248 759 2302 cet.
801 2228 930 2306 samm.
963 2234 1030 2323 VI,
1068 2257 1140 2310 10.:
1184 2237 1230 2308 Si

243 2331 486 2400 auctoritate
510 2343 551 2398 et
572 2331 707 2424 gratia
731 2343 892 2402 cantum
910 2353 1078 2426 possem,
1105 2357 1230 2428 quan·

244 2441 330 2496 tum
352 2428 396 2498 irs
421 2449 471 2494 err
495 2423 662 2521 republ„
689 2427 740 2494 de
763 2448 844 2521 qua
868 2429 929 2494 ica
947 2430 1109 2498 meritus.
1124 2454 1227 2508 sum,

239 2546 351 2621 posse
373 2519 576 2599 deberem,
602 2535 646 2588 tu
671 2545 829 2618 quoque
860 2524 893 2594 is
921 2545 1033 2601 esses,
1064 2529 1136 2620 qui
1154 2525 1229 2619 fu-

244 2621 319 2690 isli.
347 2634 386 2688 et
413 2631 484 2702 13.:
522 2616 566 2688 Si
589 2631 749 2690 rancum
768 2642 934 2713 possem,
953 2637 1157 2716 quantum
1185 2626 1229 2692 in

244 2740 293 2788 ea
318 2713 484 2811 republ„
519 2713 570 2784 de
595 2739 676 2810 qua
706 2717 766 2782 ita
790 2739 875 2784 sum
897 2720 1076 2796 meritus,
1115 2734 1161 2789 ut
1175 2735 1230 2790 ru

245 2815 462 2892 existimas,
484 2835 595 2908 posse
618 2807 831 2888 debebam,
859 2828 979 2883 netu
1004 2813 1162 2911 quidem
1184 2819 1228 2884 in

231 2911 326 2978 -isris
348 2907 604 2986 incomrrwdr‘s
626 2930 734 2982 esses.
759 2902 887 2982 samm.
907 2909 988 3003 Vll,
1009 2919 1068 2996 24.
1093 2929 1135 2986 et
1151 2911 1227 2986 Att.
1341 2937 1342 2948 ¹

243 3005 350 3090 XIII,
376 3014 435 3089 49.
462 3020 533 3078 cet.
973 3023 977 3030 '

341 3095 376 3198 §.
406 3124 460 3174 10.
508 3102 552 3170 In
576 3096 650 3176 his:
683 3103 790 3170 cuius
813 3117 988 3181 mentem
1093 3108 1228 3192 ¹cerni-

245 3222 329 3269 mus
361 3214 411 3268 et·
428 3219 500 3294 ego
527 3197 612 3274 sine
644 3194 761 3269 dubio
790 3222 861 3298 pro
891 3216 935 3272 ec
958 3225 1001 3280 os
1022 3198 1229 3300 legendum

246 3317 386 3370 censeo
407 3319 490 3381 eos;
512 3317 611 3384 non,
639 3296 739 3394 quia,
764 3312 807 3368 ut
823 3293 1033 3388 Weisldus„
1060 3297 1229 3388 „abhor-

243 3415 330 3464 rere
353 3407 483 3491 putem
507 3393 702 3472 aratione
731 3394 831 3466 vitae
861 3398 1071 3467 communis
1086 3413 1140 3468 *et
1170 3421 1229 3466 ur-

243 3485 437 3580 banitatis,
461 3491 502 3562 in
525 3513 665 3598 magno
690 3488 888 3563 hominum
913 3510 1025 3564 coetu
1052 3515 1229 3590 praesen·
1264 3555 1274 3570 ,

244 3586 292 3656 tis
317 3585 473 3660 alicuius
498 3609 541 3658 os
565 3604 603 3658 et
625 3584 770 3664 vultum
795 3591 1129 3670 commemorari”:
1155 3587 1229 3686 (le-

245 3683 364 3780 gimus
391 3686 491 3756 enim
523 3700 562 3757 et
584 3683 714 3760 Deiot.
749 3685 870 3756 c.11.=
906 3689 950 3758 in
980 3691 1061 3762 suis
1090 3687 1225 3765 oeulis,

245 3782 290 3850 in
312 3795 388 3852 ,cuo
420 3805 504 3857 ore,
540 3779 738 3878 vultuque
768 3784 976 3878 acquiesco
1005 3789 1123 3876 cet‘.¹);
1159 3781 1231 3857 sed

245 3895 341 3967 tum,
368 3875 458 3974 quia
481 3875 536 3946 sic
558 3871 738 3950 facillime
763 3873 899 3948 dur'um
922 3878 1040 3952 istud:
1073 3907 1116 3952 os
1148 3906 1228 3952 cer·

245 3979 389 4054 nimus,
419 3984 466 4043 ur
486 4005 535 4044 -·,
555 3972 671 4052 velis,
702 3988 729 4076 ej
754 3977 1050 4072 constructione,
1067 3975 1226 4065 tollitur,

22 4136 693 4486 ΛΜ
