2730 4524
226 348 294 400 too

225 543 312 594 cum
338 512 541 590 clementia
572 536 641 584 nos
672 513 831 584 omnino
856 515 1058 609 tantopere
1081 511 1217 586 deleo*

225 634 298 706 tes,
324 613 425 684 hanc
450 611 589 710 quibus
613 610 797 679 laudibus
821 633 893 681 cet.
941 613 1027 682 Nec
1049 631 1141 680 vero
1167 614 1216 682 is-

224 716 270 784 tis
295 711 451 782 multum
478 706 621 778 tribuo:
654 703 796 794 „nullis
822 705 950 777 adhuc
973 705 1034 777 vel
1059 710 1219 779 rationi-

224 807 295 881 bus
327 807 387 878 vel
419 802 603 900 exemplis
635 800 824 873 concilior
854 807 890 874 ei
922 809 1104 894 orationi,
1144 803 1214 874 ubi

225 931 335 976 mans
364 923 403 976 et
432 925 561 972 sensus
592 902 835 969 cemnneur''
870 918 942 970 eet.
1011 903 1109 972 Nam
1142 905 1216 973 etsi

223 1024 312 1074 vere
337 1025 417 1071 non
441 1003 563 1096 ipsam
586 993 782 1068 hominum
809 1013 983 1068 mentem
1011 1015 1128 1095 atque
1155 1002 1216 1096 ip-

225 1124 285 1172 sos
319 1121 447 1168 sensns
480 1092 667 1166 videmus:
712 1111 878 1164 attamen
910 1090 1010 1164 facto
1040 1094 1214 1168 videmus

225 1195 397 1292 indeque
432 1189 481 1264 de
511 1187 582 1260 illis
615 1189 756 1266 iudicia
786 1189 960 1277 facimus3
997 1215 1097 1289 quae
1128 1197 1214 1289 ipsa

225 1295 383 1391 propria
407 1293 462 1360 vr's
492 1305 548 1360 est
571 1284 679 1356 vorbi
708 1311 886 1368 cernere,
925 1311 1065 1385 nempe
1097 1308 1140 1360 ut
1163 1294 1214 1364 sit

225 1388 357 1460 videre
383 1410 469 1459 cum
493 1387 663 1453 iniuncta
694 1380 844 1455 actione
874 1384 1082 1458 iudicandi.
1134 1385 1210 1478 Gi,

229 1511 342 1586 quom
375 1503 414 1554 et
447 1483 593 1551 Worm.
612 1477 809 1568 laudavit,
843 1483 1015 1553 Perizon.
1040 1505 1211 1581 respons.

228 1581 274 1654 ad
304 1579 437 1659 Ludol.
465 1578 617 1648 Kusteti
644 1574 792 1646 diatrib.
819 1571 867 1645 do
895 1579 1014 1650 verbo
1043 1580 1225 1654 Cernere·

226 1683 265 1751 in
291 1679 417 1750 Sanct.
441 1677 598 1746 Minerv.
627 1689 665 1743 et
688 1675 843 1743 Terent.
860 1673 974 1747 Andr.
998 1679 1026 1764 I,
1049 1701 1081 1750 1.
1110 1680 1216 1750 Tura

227 1777 316 1853 illa,
350 1791 392 1844 ιιι
416 1788 647 1842 consuetum
660 1768 791 1862 facile
814 1793 988 1842 amorem
1014 1795 1210 1853 cernercs,

228 1874 368 1942 reiecit
396 1893 437 1938 se
470 1871 511 1936 in
546 1891 637 1936 curn
658 1866 781 1954 stein
815 1888 937 1962 quam
949 1870 1216 1956 familiariter

229 1985 267 2040 et
293 1967 371 2038 Cic.
398 1965 571 2061 Top.·l.:
625 1963 671 2032 V
667 1962 862 2030 erecuade
887 1967 938 2031 'tu
963 1967 1133 2060 quidem,
1165 1983 1211 2036 ut

229 2067 384 2141 onmia,
419 2063 490 2132 secl
519 2075 675 2136 tamen,
718 2074 763 2127 ut
783 2055 914 2153 facila
947 2081 1143 2133 cernerem
1173 2078 1212 2132 te

229 2162 372 2232 arclere
396 2159 542 2235 stadie,
576 2177 728 2224 mecum
760 2158 885 2248 egisti.
918 2156 1037 2250 partit.
1070 2161 1210 2232 XXIII.

230 2251 422 2342 dcciii,
453 2279 512 2340 19,
539 2274 587 2322 20
619 2268 690 2322 cet.
765 2252 889 2343 Quam
919 2248 1027 2322 verbi
1054 2279 1212 2328 cernere

227 2356 304 2426 vim
329 2354 442 2424 etiam
467 2366 597 2420 nostro
615 2352 655 2419 in
679 2345 769 2420 loco
786 2346 968 2420 facillime
988 2364 1210 2444 cognoscas:

234 2452 290 2522 Te
314 2475 411 2519 vero
437 2499 492 2520 .,.
519 2449 589 2544 qui
610 2449 652 2514 iu
678 2447 917 2516 restituendo
936 2443 1131 2520 Marcella
1155 2454 1212 2520 sic
1301 2522 1306 2532 Ι

228 2548 357 2644 egisti,
391 2561 436 2614 uc
465 2557 639 2614 meatem
669 2561 783 2612 tuam
812 2566 1017 2640 sensusque
1046 2564 1109 2612 cos
1132 2568 1210 2616 cer-

228 2668 407 2714 neremus
431 2657 501 2712 cet.

326 2739 504 2810 Parietes
527 2778 576 2794 -
596 2740 747 2834 gratias
762 2761 883 2832 agere
898 2737 1093 2834 gestiunt)
1120 2737 1211 2825 „Im-

229 2855 349 2934 pense
378 2837 551 2924 mirarer,
583 2835 630 2920 si,
663 2831 834 2904 detracto
867 2833 1075 2910 Ciceronis·
1094 2839 1211 2907 noni·

229 2952 296 3019 ne,
321 2929 548 3028 elegantiori
571 2930 689 3000 iudici
712 2927 885 3026 placeret
910 2934 1043 3028 paries
1063 2937 1210 3028 gracias

229 3052 349 3122 agere
376 3031 554 3120 gestiens.
628 3029 748 3115 Non,⁴
775 3026 881 3124 quod
912 3017 1069 3099 omnino
1101 3024 1210 3126 supra

228 3147 380 3226 prosam
413 3122 622 3194 dictionem
660 3142 856 3221 assurgant
889 3141 996 3194 muta
1036 3141 1073 3195 et
1103 3148 1213 3198 sensu

230 3223 412 3309 carentia,
455 3215 521 3290 tali
557 3221 711 3318 poetico
753 3220 885 3293 colore
931 3220 1102 3309 inducta3
1145 3223 1214 3295 sed

231 3321 318 3420 quia
338 3343 415 3391 non
430 3315 496 3388 illa
516 3317 708 3417 quidlibet
726 3321 903 3390 audendi
914 3335 1081 3416 potestas
1099 3324 1217 3418 scrip÷

228 3415 372 3494 toribus
404 3418 526 3486 omnis
557 3415 700 3486 ordinis
733 3416 975 3505 conceditur,
1008 3415 1127 3516 idque
1152 3441 1215 3516 ge-

228 3537 298 3584 nus
324 3512 524 3612 figurarum
550 3509 684 3582 multas
710 3531 748 3583 et
772 3518 952 3610 proprias.
977 3513 1095 3586 habet
1128 3539 1214 3587 cau-

228 3612 363 3682 tiones.
413 3611 610 3684 Obiiciunt
636 3609 792 3708 quidem
817 3612 899 3681 Viri
923 3611 1027 3682 docti
1050 3613 1215 3685 Plinium

226 3707 408 3802 Panegyr.
443 3730 474 3780 c.
504 3721 563 3793 50.
598 3706 807 3797 assiduum,
850 3725 892 3778 ut
926 3708 1047 3778 videri
1076 3709 1211 3801 voluit,

228 3805 425 3878 Ciceronis
457 3801 744 3894 aemulatorem,
793 3803 897 3902 apud
929 3827 1043 3902 quem
1082 3822 1214 3878 tecta

232 3897 371 3976 Urbis
394 3905 573 3971 sentire
598 3925 648 3970 ac
671 3901 853 3970 laetari
870 3903 1078 3980 uidemur,
1106 3905 1216 4001 quod

227 4003 400 4096 niceana
426 3997 535 4096 quod
545 3996 859 4094 frequententur
880 4023 937 4070 ι..
988 3995 1132 4071 Verum
1156 4017 1228 4086 tn·¹
