<?xml version="1.0" encoding="UTF-8"?>
<!DOCTYPE html PUBLIC "-//W3C//DTD XHTML 1.0 Transitional//EN"
    "http://www.w3.org/TR/xhtml1/DTD/xhtml1-transitional.dtd">
<html xmlns="http://www.w3.org/1999/xhtml" xml:lang="en" lang="en">
 <head>
  <title>
</title>
<meta http-equiv="Content-Type" content="text/html;charset=utf-8" />
  <meta name='ocr-system' content='tesseract 3.04.00' />
  <meta name='ocr-capabilities' content='ocr_page ocr_carea ocr_par ocr_line ocrx_word'/>
</head>
<body>
  <div class='ocr_page' id='page_1' title='image "./deorationequaei00jacogoog_0098.png"; bbox 0 0 2730 4524; ppageno 0'>
   <div class='ocr_carea' id='block_1_1' title="bbox 1060 337 1107 400">
    <p class='ocr_par' dir='ltr' id='par_1_1' title="bbox 1060 337 1107 400">
     <span class='ocr_line' id='line_1_1' title="bbox 1060 337 1107 400; baseline 0 0"><span class='ocrx_word' id='word_1_1' title='bbox 1060 337 1107 400; x_wconf 81' lang='lat'><strong>79</strong></span> 
     </span>
    </p>
   </div>
   <div class='ocr_carea' id='block_1_2' title="bbox 43 500 1204 2920">
    <p class='ocr_par' dir='ltr' id='par_1_2' title="bbox 43 500 1204 1759">
     <span class='ocr_line' id='line_1_2' title="bbox 130 500 1108 602; baseline 0.002 -26"><span class='ocrx_word' id='word_1_2' title='bbox 130 503 290 578; x_wconf 80' lang='lat' dir='ltr'><strong>adnotat</strong></span> <span class='ocrx_word' id='word_1_3' title='bbox 318 505 424 602; x_wconf 84' lang='lat' dir='ltr'><strong>(pag.</strong></span> <span class='ocrx_word' id='word_1_4' title='bbox 460 507 579 595; x_wconf 46' lang='grc' dir='ltr'><strong>πάρ.»</strong></span> <span class='ocrx_word' id='word_1_5' title='bbox 609 500 868 592; x_wconf 72' lang='lat' dir='ltr'><strong>„Tenendum</strong></span> <span class='ocrx_word' id='word_1_6' title='bbox 893 519 963 592; x_wconf 60' lang='lat' dir='ltr'><strong>estj</strong></span> <span class='ocrx_word' id='word_1_7' title='bbox 992 526 1108 578; x_wconf 86' lang='lat' dir='ltr'><strong>voces</strong></span> 
     </span>
     <span class='ocr_line' id='line_1_3' title="bbox 130 601 1106 697; baseline 0.002 -23"><span class='ocrx_word' id='word_1_8' title='bbox 130 601 365 676; x_wconf 89' lang='lat' dir='ltr'><strong>conclusivas</strong></span> <span class='ocrx_word' id='word_1_9' title='bbox 399 605 546 697; x_wconf 87' lang='lat' dir='ltr'><strong>saepius</strong></span> <span class='ocrx_word' id='word_1_10' title='bbox 580 615 725 670; x_wconf 88' lang='lat' dir='ltr'><strong>tantum</strong></span> <span class='ocrx_word' id='word_1_11' title='bbox 762 623 843 675; x_wconf 86' lang='lat' dir='ltr'><strong>esse</strong></span> <span class='ocrx_word' id='word_1_12' title='bbox 879 602 1106 692; x_wconf 68' lang='lat' dir='ltr'><strong>transitivae,</strong></span> 
     </span>
     <span class='ocr_line' id='line_1_4' title="bbox 126 693 1109 796; baseline 0.004 -26"><span class='ocrx_word' id='word_1_13' title='bbox 126 702 250 796; x_wconf 87' lang='lat' dir='ltr'><strong>iisque</strong></span> <span class='ocrx_word' id='word_1_14' title='bbox 273 717 419 770; x_wconf 86' lang='lat' dir='ltr'><strong>tanturn</strong></span> <span class='ocrx_word' id='word_1_15' title='bbox 451 720 495 770; x_wconf 92' lang='lat' dir='ltr'><strong>co</strong></span> <span class='ocrx_word' id='word_1_16' title='bbox 524 693 619 766; x_wconf 88' lang='lat' dir='ltr'><strong>ulari</strong></span> <span class='ocrx_word' id='word_1_17' title='bbox 648 699 870 786; x_wconf 83' lang='lat' dir='ltr'><strong>sententias,</strong></span> <span class='ocrx_word' id='word_1_18' title='bbox 906 715 949 768; x_wconf 90' lang='lat' dir='ltr'><strong>ut</strong></span> <span class='ocrx_word' id='word_1_19' title='bbox 971 697 1109 774; x_wconf 85' lang='lat' dir='ltr'><strong>intelli-</strong></span> 
     </span>
     <span class='ocr_line' id='line_1_5' title="bbox 127 721 1204 893; baseline 0.001 -25"><span class='ocrx_word' id='word_1_20' title='bbox 127 820 211 893; x_wconf 82' lang='lat' dir='ltr'><strong>gas,</strong></span> <span class='ocrx_word' id='word_1_21' title='bbox 243 797 444 892; x_wconf 87' lang='lat' dir='ltr'><strong>periodum</strong></span> <span class='ocrx_word' id='word_1_22' title='bbox 480 721 527 866; x_wconf 78' lang='lat' dir='ltr'><strong>ab</strong></span> <span class='ocrx_word' id='word_1_23' title='bbox 558 794 626 864; x_wconf 75' lang='lat' dir='ltr'><strong>Em</strong></span> <span class='ocrx_word' id='word_1_24' title='bbox 649 819 745 892; x_wconf 77' lang='lat' dir='ltr'><strong>quo,</strong></span> <span class='ocrx_word' id='word_1_25' title='bbox 777 819 889 892; x_wconf 78' lang='lat' dir='ltr'><strong>ergo,</strong></span> <span class='ocrx_word' id='word_1_26' title='bbox 922 799 1108 892; x_wconf 77' lang='lat' dir='ltr'><em>quocirca</em></span> <span class='ocrx_word' id='word_1_27' title='bbox 1199 837 1204 845; x_wconf 86' lang='lat'><strong>·</strong></span> 
     </span>
     <span class='ocr_line' id='line_1_6' title="bbox 125 886 1107 986; baseline 0 -22"><span class='ocrx_word' id='word_1_28' title='bbox 125 891 347 979; x_wconf 71' lang='lat' dir='ltr'><strong>inchoatam</strong></span> <span class='ocrx_word' id='word_1_29' title='bbox 372 889 420 964; x_wconf 87' lang='lat' dir='ltr'><strong>ad</strong></span> <span class='ocrx_word' id='word_1_30' title='bbox 446 886 737 963; x_wconf 81' lang='lat' dir='ltr'><strong>antecedentem</strong></span> <span class='ocrx_word' id='word_1_31' title='bbox 755 907 902 986; x_wconf 86' lang='lat' dir='ltr'><strong>partem</strong></span> <span class='ocrx_word' id='word_1_32' title='bbox 927 893 1107 964; x_wconf 87' lang='lat' dir='ltr'><strong>orationis</strong></span> 
     </span>
     <span class='ocr_line' id='line_1_7' title="bbox 125 985 1107 1087; baseline 0 -27"><span class='ocrx_word' id='word_1_33' title='bbox 125 992 338 1087; x_wconf 77' lang='lat' dir='ltr'><strong>pertinere·</strong></span> <span class='ocrx_word' id='word_1_34' title='bbox 378 987 536 1082; x_wconf 86' lang='lat' dir='ltr'><strong>Saepius</strong></span> <span class='ocrx_word' id='word_1_35' title='bbox 564 987 676 1081; x_wconf 84' lang='lat' dir='ltr'><strong>igitur</strong></span> <span class='ocrx_word' id='word_1_36' title='bbox 700 991 797 1060; x_wconf 87' lang='lat' dir='ltr'><strong>ratio</strong></span> <span class='ocrx_word' id='word_1_37' title='bbox 822 1004 911 1083; x_wconf 86' lang='lat' dir='ltr'><strong>post</strong></span> <span class='ocrx_word' id='word_1_38' title='bbox 935 985 1024 1061; x_wconf 90' lang='lat' dir='ltr'><strong>talia</strong></span> <span class='ocrx_word' id='word_1_39' title='bbox 1048 1013 1107 1060; x_wconf 88' lang='lat' dir='ltr'><strong>se-</strong></span> 
     </span>
     <span class='ocr_line' id='line_1_8' title="bbox 127 1083 1109 1183; baseline 0.003 -28"><span class='ocrx_word' id='word_1_40' title='bbox 127 1089 274 1183; x_wconf 84' lang='lat' dir='ltr'><strong>quitur,</strong></span> <span class='ocrx_word' id='word_1_41' title='bbox 302 1109 388 1158; x_wconf 87' lang='lat' dir='ltr'><strong>eum</strong></span> <span class='ocrx_word' id='word_1_42' title='bbox 414 1106 498 1156; x_wconf 87' lang='lat' dir='ltr'><strong>earn</strong></span> <span class='ocrx_word' id='word_1_43' title='bbox 521 1099 629 1180; x_wconf 85' lang='lat' dir='ltr'><strong>putes</strong></span> <span class='ocrx_word' id='word_1_44' title='bbox 656 1085 937 1156; x_wconf 86' lang='lat' dir='ltr'><strong>antecessisse.’&#39;</strong></span> <span class='ocrx_word' id='word_1_45' title='bbox 975 1083 1032 1159; x_wconf 86' lang='lat' dir='ltr'><strong>cf.</strong></span> <span class='ocrx_word' id='word_1_46' title='bbox 1059 1085 1109 1158; x_wconf 90' lang='lat' dir='ltr'><strong>de</strong></span> 
     </span>
     <span class='ocr_line' id='line_1_9' title="bbox 128 1179 1106 1281; baseline 0 -28"><span class='ocrx_word' id='word_1_47' title='bbox 128 1179 193 1254; x_wconf 83' lang='lat' dir='ltr'><strong>off.</strong></span> <span class='ocrx_word' id='word_1_48' title='bbox 227 1185 254 1273; x_wconf 91' lang='lat' dir='ltr'><strong>I,</strong></span> <span class='ocrx_word' id='word_1_49' title='bbox 287 1209 334 1281; x_wconf 72' lang='grc' dir='ltr'><strong>7.Ι</strong></span> <span class='ocrx_word' id='word_1_50' title='bbox 355 1207 422 1270; x_wconf 31' lang='lat' dir='ltr'><strong>*eso</strong></span> <span class='ocrx_word' id='word_1_51' title='bbox 443 1205 539 1276; x_wconf 80' lang='lat' dir='ltr'><strong>quo,</strong></span> <span class='ocrx_word' id='word_1_52' title='bbox 575 1182 668 1275; x_wconf 81' lang='lat' dir='ltr'><strong>quio</strong></span> <span class='ocrx_word' id='word_1_53' title='bbox 696 1205 807 1254; x_wconf 82' lang='lat' dir='ltr'><strong>suum</strong></span> <span class='ocrx_word' id='word_1_54' title='bbox 837 1183 1020 1278; x_wconf 77' lang='lat' dir='ltr'><strong>cuiusque</strong></span> <span class='ocrx_word' id='word_1_55' title='bbox 1033 1182 1106 1279; x_wconf 82' lang='lat' dir='ltr'><strong>fit,</strong></span> 
     </span>
     <span class='ocr_line' id='line_1_10' title="bbox 127 1275 1106 1374; baseline -0.002 -24"><span class='ocrx_word' id='word_1_56' title='bbox 127 1303 278 1358; x_wconf 75' lang='lat' dir='ltr'><strong>eorum,</strong></span> <span class='ocrx_word' id='word_1_57' title='bbox 327 1300 431 1374; x_wconf 76' lang='lat' dir='ltr'><strong>quae</strong></span> <span class='ocrx_word' id='word_1_58' title='bbox 475 1291 623 1348; x_wconf 80' lang='lat' dir='ltr'><strong>natura</strong></span> <span class='ocrx_word' id='word_1_59' title='bbox 653 1275 825 1368; x_wconf 73' lang='lat' dir='ltr'><strong>suerunt</strong></span> <span class='ocrx_word' id='word_1_60' title='bbox 866 1283 1106 1358; x_wconf 82' lang='lat' dir='ltr'><strong>communia,</strong></span> 
     </span>
     <span class='ocr_line' id='line_1_11' title="bbox 127 1371 1105 1472; baseline 0 -28"><span class='ocrx_word' id='word_1_61' title='bbox 127 1377 236 1469; x_wconf 80' lang='lat' dir='ltr'><strong>quod</strong></span> <span class='ocrx_word' id='word_1_62' title='bbox 259 1380 400 1472; x_wconf 80' lang='lat' dir='ltr'><strong>cuique</strong></span> <span class='ocrx_word' id='word_1_63' title='bbox 424 1371 583 1470; x_wconf 81' lang='lat' dir='ltr'><strong>obtigit,</strong></span> <span class='ocrx_word' id='word_1_64' title='bbox 609 1373 654 1440; x_wconf 88' lang='lat' dir='ltr'><strong>id</strong></span> <span class='ocrx_word' id='word_1_65' title='bbox 676 1375 836 1468; x_wconf 79' lang='lat' dir='ltr'><strong>quisque</strong></span> <span class='ocrx_word' id='word_1_66' title='bbox 866 1387 1001 1442; x_wconf 82' lang='lat' dir='ltr'><strong>teneat</strong></span> <span class='ocrx_word' id='word_1_67' title='bbox 1032 1393 1105 1446; x_wconf 85' lang='lat' dir='ltr'><strong>cet.</strong></span> 
     </span>
     <span class='ocr_line' id='line_1_12' title="bbox 125 1466 1108 1565; baseline -0.004 -21"><span class='ocrx_word' id='word_1_68' title='bbox 125 1469 265 1560; x_wconf 58' lang='lat' dir='ltr'><strong>„Sient</strong></span> <span class='ocrx_word' id='word_1_69' title='bbox 288 1473 328 1543; x_wconf 90' lang='lat' dir='ltr'><strong>in</strong></span> <span class='ocrx_word' id='word_1_70' title='bbox 351 1467 426 1540; x_wconf 87' lang='lat' dir='ltr'><strong>hoc</strong></span> <span class='ocrx_word' id='word_1_71' title='bbox 450 1466 539 1540; x_wconf 89' lang='lat' dir='ltr'><strong>loco</strong></span> <span class='ocrx_word' id='word_1_72' title='bbox 592 1483 649 1540; x_wconf 92' lang='lat' dir='ltr'><strong>ost</strong></span> <span class='ocrx_word' id='word_1_73' title='bbox 675 1494 726 1538; x_wconf 80' lang='lat' dir='ltr'><strong>ox</strong></span> <span class='ocrx_word' id='word_1_74' title='bbox 746 1493 822 1565; x_wconf 84' lang='lat' dir='ltr'><strong>quo</strong></span> <span class='ocrx_word' id='word_1_75' title='bbox 848 1471 1018 1565; x_wconf 85' lang='lat' dir='ltr'><strong>sequitur</strong></span> <span class='ocrx_word' id='word_1_76' title='bbox 1043 1467 1108 1554; x_wconf 87' lang='lat' dir='ltr'><strong>de·</strong></span> 
     </span>
     <span class='ocr_line' id='line_1_13' title="bbox 43 1564 1107 1661; baseline -0.001 -23"><span class='ocrx_word' id='word_1_77' title='bbox 43 1564 46 1572; x_wconf 71' lang='grc'><strong>“</strong></span> <span class='ocrx_word' id='word_1_78' title='bbox 122 1591 238 1638; x_wconf 85' lang='lat' dir='ltr'><strong>mum·</strong></span> <span class='ocrx_word' id='word_1_79' title='bbox 256 1569 353 1636; x_wconf 82' lang='lat' dir='ltr'><strong>ratio</strong></span> <span class='ocrx_word' id='word_1_80' title='bbox 381 1589 403 1632; x_wconf 86' lang='lat' dir='ltr'><strong>a</strong></span> <span class='ocrx_word' id='word_1_81' title='bbox 427 1567 548 1659; x_wconf 88' lang='lat' dir='ltr'><strong>partic</strong></span> <span class='ocrx_word' id='word_1_82' title='bbox 591 1566 749 1661; x_wconf 62' lang='lat' dir='ltr'><strong>aquia,</strong></span> <span class='ocrx_word' id='word_1_83' title='bbox 781 1566 834 1634; x_wconf 90' lang='lat' dir='ltr'><strong>ita</strong></span> <span class='ocrx_word' id='word_1_84' title='bbox 857 1566 900 1635; x_wconf 91' lang='lat' dir='ltr'><strong>in</strong></span> <span class='ocrx_word' id='word_1_85' title='bbox 933 1569 1107 1637; x_wconf 86' lang='lat' dir='ltr'><strong>oratione</strong></span> 
     </span>
     <span class='ocr_line' id='line_1_14' title="bbox 125 1662 676 1759; baseline -0.005 -26"><span class='ocrx_word' id='word_1_86' title='bbox 125 1680 256 1742; x_wconf 79' lang='lat' dir='ltr'><strong>nostra</strong></span> <span class='ocrx_word' id='word_1_87' title='bbox 280 1664 449 1759; x_wconf 86' lang='lat' dir='ltr'><strong>sequitur</strong></span> <span class='ocrx_word' id='word_1_88' title='bbox 474 1685 495 1731; x_wconf 91' lang='lat' dir='ltr'><strong>a</strong></span> <span class='ocrx_word' id='word_1_89' title='bbox 520 1662 676 1759; x_wconf 78' lang='lat' dir='ltr'><strong>quum.’&#39;</strong></span> 
     </span>
    </p>

    <p class='ocr_par' dir='ltr' id='par_1_3' title="bbox 115 1756 1138 2920">
     <span class='ocr_line' id='line_1_15' title="bbox 221 1756 1106 1858; baseline 0 -28"><span class='ocrx_word' id='word_1_90' title='bbox 221 1762 384 1858; x_wconf 74' lang='lat' dir='ltr'><strong>Quanta</strong></span> <span class='ocrx_word' id='word_1_91' title='bbox 411 1762 456 1828; x_wconf 77' lang='lat' dir='ltr'><strong>in</strong></span> <span class='ocrx_word' id='word_1_92' title='bbox 486 1759 582 1830; x_wconf 84' lang='lat' dir='ltr'><strong>dato</strong></span> <span class='ocrx_word' id='word_1_93' title='bbox 615 1756 806 1853; x_wconf 82' lang='lat' dir='ltr'><strong>beneficio</strong></span> <span class='ocrx_word' id='word_1_94' title='bbox 837 1759 933 1854; x_wconf 87' lang='lat' dir='ltr'><strong>cet.)</strong></span> <span class='ocrx_word' id='word_1_95' title='bbox 988 1769 1106 1848; x_wconf 87' lang='lat' dir='ltr'><strong>„Non</strong></span> 
     </span>
     <span class='ocr_line' id='line_1_16' title="bbox 124 1851 1108 1954; baseline -0.001 -26"><span class='ocrx_word' id='word_1_96' title='bbox 124 1879 323 1954; x_wconf 76' lang='lat' dir='ltr'><strong>quaeram,</strong></span> <span class='ocrx_word' id='word_1_97' title='bbox 358 1879 425 1928; x_wconf 87' lang='lat' dir='ltr'><strong>cur</strong></span> <span class='ocrx_word' id='word_1_98' title='bbox 453 1857 645 1952; x_wconf 82' lang='lat' dir='ltr'><strong>inpriore</strong></span> <span class='ocrx_word' id='word_1_99' title='bbox 672 1851 847 1926; x_wconf 89' lang='lat' dir='ltr'><strong>membro</strong></span> <span class='ocrx_word' id='word_1_100' title='bbox 873 1858 1037 1951; x_wconf 90' lang='lat' dir='ltr'><strong>positum</strong></span> <span class='ocrx_word' id='word_1_101' title='bbox 1060 1860 1108 1930; x_wconf 89' lang='lat' dir='ltr'><strong>sit</strong></span> 
     </span>
     <span class='ocr_line' id='line_1_17' title="bbox 125 1950 1117 2048; baseline 0 -22"><span class='ocrx_word' id='word_1_102' title='bbox 125 1953 228 2033; x_wconf 80' lang='lat' dir='ltr'><strong>laus,</strong></span> <span class='ocrx_word' id='word_1_103' title='bbox 254 1956 293 2023; x_wconf 92' lang='lat' dir='ltr'><strong>in</strong></span> <span class='ocrx_word' id='word_1_104' title='bbox 312 1955 524 2048; x_wconf 79' lang='lat' dir='ltr'><strong>posteriore</strong></span> <span class='ocrx_word' id='word_1_105' title='bbox 538 1950 685 2048; x_wconf 74' lang='lat' dir='ltr'><strong>gloria,</strong></span> <span class='ocrx_word' id='word_1_106' title='bbox 710 1975 826 2044; x_wconf 88' lang='lat' dir='ltr'><strong>quum</strong></span> <span class='ocrx_word' id='word_1_107' title='bbox 848 1954 996 2026; x_wconf 86' lang='lat' dir='ltr'><strong>inversa</strong></span> <span class='ocrx_word' id='word_1_108' title='bbox 1009 1953 1117 2026; x_wconf 86' lang='lat' dir='ltr'><strong>haee·</strong></span> 
     </span>
     <span class='ocr_line' id='line_1_18' title="bbox 122 2045 1104 2138; baseline 0 -18"><span class='ocrx_word' id='word_1_109' title='bbox 122 2073 206 2120; x_wconf 88' lang='lat' dir='ltr'><strong>non</strong></span> <span class='ocrx_word' id='word_1_110' title='bbox 236 2051 357 2120; x_wconf 88' lang='lat' dir='ltr'><strong>minus</strong></span> <span class='ocrx_word' id='word_1_111' title='bbox 387 2071 477 2118; x_wconf 82' lang='lat' dir='ltr'><strong>vem</strong></span> <span class='ocrx_word' id='word_1_112' title='bbox 506 2045 743 2123; x_wconf 80' lang='lat' dir='ltr'><strong>videantur.”</strong></span> <span class='ocrx_word' id='word_1_113' title='bbox 781 2045 899 2124; x_wconf 75' lang='lat' dir='ltr'><strong>Wolf.</strong></span> <span class='ocrx_word' id='word_1_114' title='bbox 932 2052 1104 2138; x_wconf 82' lang='lat' dir='ltr'><strong>,·‚‚Dat0</strong></span> 
     </span>
     <span class='ocr_line' id='line_1_19' title="bbox 123 2139 1106 2243; baseline -0.001 -27"><span class='ocrx_word' id='word_1_115' title='bbox 123 2143 316 2218; x_wconf 85' lang='lat' dir='ltr'><strong>benefioio</strong></span> <span class='ocrx_word' id='word_1_116' title='bbox 340 2162 467 2241; x_wconf 81' lang='lat' dir='ltr'><strong>petest</strong></span> <span class='ocrx_word' id='word_1_117' title='bbox 490 2166 581 2217; x_wconf 84' lang='lat' dir='ltr'><strong>sane</strong></span> <span class='ocrx_word' id='word_1_118' title='bbox 607 2159 647 2214; x_wconf 85' lang='lat' dir='ltr'><strong>et</strong></span> <span class='ocrx_word' id='word_1_119' title='bbox 668 2139 755 2213; x_wconf 80' lang='lat' dir='ltr'><strong>laus</strong></span> <span class='ocrx_word' id='word_1_120' title='bbox 774 2142 888 2224; x_wconf 86' lang='lat' dir='ltr'><strong>tribui</strong></span> <span class='ocrx_word' id='word_1_121' title='bbox 906 2161 944 2216; x_wconf 87' lang='lat' dir='ltr'><strong>et</strong></span> <span class='ocrx_word' id='word_1_122' title='bbox 955 2150 1106 2243; x_wconf 76' lang='lat' dir='ltr'><strong>gloria5</strong></span> 
     </span>
     <span class='ocr_line' id='line_1_20' title="bbox 115 2242 1107 2340; baseline 0 -26"><span class='ocrx_word' id='word_1_123' title='bbox 115 2243 195 2314; x_wconf 78' lang='lat' dir='ltr'><strong>sed</strong></span> <span class='ocrx_word' id='word_1_124' title='bbox 231 2265 311 2312; x_wconf 88' lang='lat' dir='ltr'><strong>non</strong></span> <span class='ocrx_word' id='word_1_125' title='bbox 347 2244 439 2314; x_wconf 86' lang='lat' dir='ltr'><strong>item</strong></span> <span class='ocrx_word' id='word_1_126' title='bbox 476 2256 655 2336; x_wconf 87' lang='lat' dir='ltr'><strong>accepto,</strong></span> <span class='ocrx_word' id='word_1_127' title='bbox 698 2242 941 2327; x_wconf 16' lang='lat' dir='ltr'><strong>cui-tantum</strong></span> <span class='ocrx_word' id='word_1_128' title='bbox 970 2243 1107 2340; x_wconf 39' lang='lat' dir='ltr'><strong>*gloria</strong></span> 
     </span>
     <span class='ocr_line' id='line_1_21' title="bbox 126 2336 1107 2414; baseline 0.002 -4"><span class='ocrx_word' id='word_1_129' title='bbox 126 2341 342 2411; x_wconf 87' lang='lat' dir='ltr'><strong>convenit.&#39;&#39;</strong></span> <span class='ocrx_word' id='word_1_130' title='bbox 374 2336 518 2414; x_wconf 83' lang='lat' dir='ltr'><strong>Weisk.</strong></span> <span class='ocrx_word' id='word_1_131' title='bbox 568 2338 755 2410; x_wconf 88' lang='lat' dir='ltr'><strong>Wormius</strong></span> <span class='ocrx_word' id='word_1_132' title='bbox 786 2354 914 2410; x_wconf 89' lang='lat' dir='ltr'><strong>tamen</strong></span> <span class='ocrx_word' id='word_1_133' title='bbox 938 2342 993 2411; x_wconf 88' lang='lat' dir='ltr'><strong>sic</strong></span> <span class='ocrx_word' id='word_1_134' title='bbox 1019 2339 1107 2412; x_wconf 79' lang='lat' dir='ltr'><strong>een-</strong></span> 
     </span>
     <span class='ocr_line' id='line_1_22' title="bbox 124 2431 1138 2524; baseline 0 -16"><span class='ocrx_word' id='word_1_135' title='bbox 124 2455 198 2510; x_wconf 87' lang='lat' dir='ltr'><strong>set:</strong></span> <span class='ocrx_word' id='word_1_136' title='bbox 238 2439 324 2524; x_wconf 79' lang='lat' dir='ltr'><strong>„Err</strong></span> <span class='ocrx_word' id='word_1_137' title='bbox 347 2453 476 2508; x_wconf 89' lang='lat' dir='ltr'><strong>mente</strong></span> <span class='ocrx_word' id='word_1_138' title='bbox 501 2432 660 2510; x_wconf 78' lang='lat' dir='ltr'><strong>dioentis</strong></span> <span class='ocrx_word' id='word_1_139' title='bbox 684 2431 784 2506; x_wconf 83' lang='lat' dir='ltr'><strong>haec</strong></span> <span class='ocrx_word' id='word_1_140' title='bbox 807 2434 995 2508; x_wconf 89' lang='lat' dir='ltr'><strong>vocabula</strong></span> <span class='ocrx_word' id='word_1_141' title='bbox 1025 2461 1106 2508; x_wconf 85' lang='lat' dir='ltr'><strong>non</strong></span> <span class='ocrx_word' id='word_1_142' title='bbox 1133 2465 1138 2476; x_wconf 92' lang='lat'>·</span> 
     </span>
     <span class='ocr_line' id='line_1_23' title="bbox 125 2526 1107 2608; baseline 0.002 -6"><span class='ocrx_word' id='word_1_143' title='bbox 125 2532 320 2608; x_wconf 84' lang='lat' dir='ltr'><strong>debebant</strong></span> <span class='ocrx_word' id='word_1_144' title='bbox 343 2535 397 2605; x_wconf 85' lang='lat' dir='ltr'><strong>ita</strong></span> <span class='ocrx_word' id='word_1_145' title='bbox 419 2529 578 2604; x_wconf 85' lang='lat' dir='ltr'><strong>mul-tum</strong></span> <span class='ocrx_word' id='word_1_146' title='bbox 604 2526 767 2608; x_wconf 70' lang='lat' dir='ltr'><strong>differre</strong></span> <span class='ocrx_word' id='word_1_147' title='bbox 816 2535 906 2606; x_wconf 87' lang='lat' dir='ltr'><strong>Hoc</strong></span> <span class='ocrx_word' id='word_1_148' title='bbox 922 2537 1024 2604; x_wconf 86' lang='lat' dir='ltr'><strong>enim</strong></span> <span class='ocrx_word' id='word_1_149' title='bbox 1041 2557 1107 2604; x_wconf 87' lang='lat' dir='ltr'><strong>vo·</strong></span> 
     </span>
     <span class='ocr_line' id='line_1_24' title="bbox 122 2626 1107 2726; baseline -0.003 -23"><span class='ocrx_word' id='word_1_150' title='bbox 122 2629 209 2706; x_wconf 81' lang='lat' dir='ltr'><strong>luit:</strong></span> <span class='ocrx_word' id='word_1_151' title='bbox 235 2630 274 2702; x_wconf 87' lang='lat' dir='ltr'><strong>Si</strong></span> <span class='ocrx_word' id='word_1_152' title='bbox 295 2629 377 2702; x_wconf 85' lang='lat' dir='ltr'><strong>hoe</strong></span> <span class='ocrx_word' id='word_1_153' title='bbox 394 2626 621 2708; x_wconf 83' lang='lat' dir='ltr'><strong>beneficium</strong></span> <span class='ocrx_word' id='word_1_154' title='bbox 641 2630 1016 2726; x_wconf 71' lang='lat' dir='ltr'><strong>accepisse,tantam</strong></span> <span class='ocrx_word' id='word_1_155' title='bbox 1041 2627 1107 2707; x_wconf 86' lang='lat' dir='ltr'><strong>ba·</strong></span> 
     </span>
     <span class='ocr_line' id='line_1_25' title="bbox 122 2723 1133 2822; baseline 0 -24"><span class='ocrx_word' id='word_1_156' title='bbox 122 2726 191 2802; x_wconf 86' lang='lat' dir='ltr'><strong>bet</strong></span> <span class='ocrx_word' id='word_1_157' title='bbox 213 2725 394 2810; x_wconf 60' lang='lat' dir='ltr'><strong>laudem</strong></span> <span class='ocrx_word' id='word_1_158' title='bbox 438 2727 544 2796; x_wconf 76' lang='lat' dir='ltr'><strong>hono</strong></span> <span class='ocrx_word' id='word_1_159' title='bbox 563 2723 696 2806; x_wconf 77' lang='lat' dir='ltr'><strong>,multo</strong></span> <span class='ocrx_word' id='word_1_160' title='bbox 720 2729 837 2822; x_wconf 83' lang='lat' dir='ltr'><strong>magis</strong></span> <span class='ocrx_word' id='word_1_161' title='bbox 860 2724 1016 2798; x_wconf 88' lang='lat' dir='ltr'><strong>habebit</strong></span> <span class='ocrx_word' id='word_1_162' title='bbox 1041 2723 1107 2804; x_wconf 87' lang='lat' dir='ltr'><strong>de·</strong></span> <span class='ocrx_word' id='word_1_163' title='bbox 1132 2739 1133 2751; x_wconf 61' lang='lat'>¹</span> 
     </span>
     <span class='ocr_line' id='line_1_26' title="bbox 125 2821 1131 2920; baseline -0.003 -27"><span class='ocrx_word' id='word_1_164' title='bbox 125 2822 242 2910; x_wconf 82' lang='lat' dir='ltr'><strong>disse3</strong></span> <span class='ocrx_word' id='word_1_165' title='bbox 280 2823 385 2920; x_wconf 83' lang='lat' dir='ltr'><strong>quod</strong></span> <span class='ocrx_word' id='word_1_166' title='bbox 417 2845 503 2897; x_wconf 86' lang='lat' dir='ltr'><strong>cum</strong></span> <span class='ocrx_word' id='word_1_167' title='bbox 532 2845 601 2920; x_wconf 89' lang='lat' dir='ltr'><strong>per</strong></span> <span class='ocrx_word' id='word_1_168' title='bbox 627 2821 705 2892; x_wconf 91' lang='lat' dir='ltr'><strong>duo</strong></span> <span class='ocrx_word' id='word_1_169' title='bbox 729 2822 961 2897; x_wconf 82' lang='lat' dir='ltr'><strong>substantiva</strong></span> <span class='ocrx_word' id='word_1_170' title='bbox 983 2822 1131 2920; x_wconf 71' lang='lat' dir='ltr'><strong>parab.</strong></span> 
     </span>
    </p>
   </div>
   <div class='ocr_carea' id='block_1_3' title="bbox 115 2917 1218 3009">
    <p class='ocr_par' dir='ltr' id='par_1_4' title="bbox 115 2917 1218 3009">
     <span class='ocr_line' id='line_1_27' title="bbox 115 2917 1218 3009; baseline 0.003 -19"><span class='ocrx_word' id='word_1_171' title='bbox 115 2917 215 3007; x_wconf 76' lang='lat' dir='ltr'><strong>dela,</strong></span> <span class='ocrx_word' id='word_1_172' title='bbox 253 2936 294 2993; x_wconf 86' lang='lat' dir='ltr'><strong>ut</strong></span> <span class='ocrx_word' id='word_1_173' title='bbox 325 2924 473 2992; x_wconf 86' lang='lat' dir='ltr'><strong>suavius</strong></span> <span class='ocrx_word' id='word_1_174' title='bbox 511 2922 657 2992; x_wconf 89' lang='lat' dir='ltr'><strong>veniret</strong></span> <span class='ocrx_word' id='word_1_175' title='bbox 694 2918 744 2989; x_wconf 87' lang='lat' dir='ltr'><strong>ad</strong></span> <span class='ocrx_word' id='word_1_176' title='bbox 776 2943 904 3009; x_wconf 89' lang='lat' dir='ltr'><strong>aures,</strong></span> <span class='ocrx_word' id='word_1_177' title='bbox 941 2919 1106 2992; x_wconf 81' lang='lat' dir='ltr'><strong>reddere</strong></span> <span class='ocrx_word' id='word_1_178' title='bbox 1215 2993 1218 3001; x_wconf 76' lang='grc'>,</span> 
     </span>
    </p>
   </div>
   <div class='ocr_carea' id='block_1_4' title="bbox 117 3014 1132 4083">
    <p class='ocr_par' dir='ltr' id='par_1_5' title="bbox 122 3014 1104 3115">
     <span class='ocr_line' id='line_1_28' title="bbox 122 3014 1104 3115; baseline -0.002 -25"><span class='ocrx_word' id='word_1_179' title='bbox 122 3014 301 3105; x_wconf 83' lang='lat' dir='ltr'><strong>malebat,</strong></span> <span class='ocrx_word' id='word_1_180' title='bbox 325 3017 431 3090; x_wconf 85' lang='lat' dir='ltr'><strong>idem</strong></span> <span class='ocrx_word' id='word_1_181' title='bbox 454 3014 657 3114; x_wconf 83' lang='lat' dir='ltr'><strong>utrobique</strong></span> <span class='ocrx_word' id='word_1_182' title='bbox 673 3038 822 3114; x_wconf 88' lang='lat' dir='ltr'><strong>ponere</strong></span> <span class='ocrx_word' id='word_1_183' title='bbox 840 3037 921 3096; x_wconf 88' lang='lat' dir='ltr'><strong>non</strong></span> <span class='ocrx_word' id='word_1_184' title='bbox 945 3022 1104 3115; x_wconf 84' lang='lat' dir='ltr'><strong>potuit.’&#39;</strong></span> 
     </span>
    </p>

    <p class='ocr_par' dir='ltr' id='par_1_6' title="bbox 117 3112 1132 4083">
     <span class='ocr_line' id='line_1_29' title="bbox 218 3112 1104 3212; baseline -0.005 -28"><span class='ocrx_word' id='word_1_185' title='bbox 218 3115 290 3184; x_wconf 79' lang='lat' dir='ltr'><strong>Est</strong></span> <span class='ocrx_word' id='word_1_186' title='bbox 324 3139 422 3186; x_wconf 80' lang='lat' dir='ltr'><strong>vero</strong></span> <span class='ocrx_word' id='word_1_187' title='bbox 451 3112 688 3210; x_wconf 80' lang='lat' dir='ltr'><strong>fortunatus</strong></span> <span class='ocrx_word' id='word_1_188' title='bbox 724 3154 771 3167; x_wconf 90' lang='lat'>-</span> <span class='ocrx_word' id='word_1_189' title='bbox 793 3119 1104 3212; x_wconf 67' lang='lat' dir='ltr'><strong>&#39;praestantiorj</strong></span> 
     </span>
     <span class='ocr_line' id='line_1_30' title="bbox 123 3207 1106 3307; baseline 0 -27"><span class='ocrx_word' id='word_1_190' title='bbox 123 3209 342 3306; x_wconf 87' lang='lat' dir='ltr'><strong>„Equidem</strong></span> <span class='ocrx_word' id='word_1_191' title='bbox 367 3207 567 3304; x_wconf 84' lang='lat' dir='ltr'><strong>putabam,</strong></span> <span class='ocrx_word' id='word_1_192' title='bbox 600 3208 672 3280; x_wconf 86' lang='lat' dir='ltr'><strong>alia</strong></span> <span class='ocrx_word' id='word_1_193' title='bbox 704 3213 834 3280; x_wconf 89' lang='lat' dir='ltr'><strong>omnia</strong></span> <span class='ocrx_word' id='word_1_194' title='bbox 858 3213 999 3307; x_wconf 89' lang='lat' dir='ltr'><strong>potiori</strong></span> <span class='ocrx_word' id='word_1_195' title='bbox 1023 3210 1106 3280; x_wconf 85' lang='lat' dir='ltr'><strong>iure</strong></span> 
     </span>
     <span class='ocr_line' id='line_1_31' title="bbox 120 3301 1106 3404; baseline -0.003 -27"><span class='ocrx_word' id='word_1_196' title='bbox 120 3304 316 3378; x_wconf 85' lang='lat' dir='ltr'><strong>laudanda</strong></span> <span class='ocrx_word' id='word_1_197' title='bbox 347 3327 443 3376; x_wconf 86' lang='lat' dir='ltr'><strong>esse·</strong></span> <span class='ocrx_word' id='word_1_198' title='bbox 460 3308 502 3374; x_wconf 91' lang='lat' dir='ltr'><strong>in</strong></span> <span class='ocrx_word' id='word_1_199' title='bbox 531 3301 598 3376; x_wconf 86' lang='lat' dir='ltr'><strong>tali</strong></span> <span class='ocrx_word' id='word_1_200' title='bbox 628 3304 803 3394; x_wconf 84' lang='lat' dir='ltr'><strong>homine,</strong></span> <span class='ocrx_word' id='word_1_201' title='bbox 843 3331 956 3404; x_wconf 86' lang='lat' dir='ltr'><strong>quam</strong></span> <span class='ocrx_word' id='word_1_202' title='bbox 971 3305 1106 3401; x_wconf 83' lang='lat' dir='ltr'><strong>fortu-</strong></span> 
     </span>
     <span class='ocr_line' id='line_1_32' title="bbox 122 3398 1106 3498; baseline -0.002 -24"><span class='ocrx_word' id='word_1_203' title='bbox 122 3403 252 3474; x_wconf 82' lang='lat' dir='ltr'><strong>nam.&#39;’</strong></span> <span class='ocrx_word' id='word_1_204' title='bbox 278 3398 403 3474; x_wconf 69' lang='lat' dir='ltr'><strong>Wotfi</strong></span> <span class='ocrx_word' id='word_1_205' title='bbox 440 3402 527 3476; x_wconf 89' lang='lat' dir='ltr'><strong>Hoc</strong></span> <span class='ocrx_word' id='word_1_206' title='bbox 543 3423 624 3472; x_wconf 85' lang='lat' dir='ltr'><strong>non</strong></span> <span class='ocrx_word' id='word_1_207' title='bbox 642 3419 724 3472; x_wconf 88' lang='lat' dir='ltr'><strong>erat</strong></span> <span class='ocrx_word' id='word_1_208' title='bbox 741 3402 966 3490; x_wconf 88' lang='lat' dir='ltr'><strong>notandum,</strong></span> <span class='ocrx_word' id='word_1_209' title='bbox 988 3425 1106 3498; x_wconf 87' lang='lat' dir='ltr'><strong>quan-</strong></span> 
     </span>
     <span class='ocr_line' id='line_1_33' title="bbox 122 3496 1105 3596; baseline 0 -28"><span class='ocrx_word' id='word_1_210' title='bbox 122 3500 174 3571; x_wconf 93' lang='lat' dir='ltr'><strong>do</strong></span> <span class='ocrx_word' id='word_1_211' title='bbox 209 3497 288 3575; x_wconf 86' lang='lat' dir='ltr'><strong>hoe</strong></span> <span class='ocrx_word' id='word_1_212' title='bbox 320 3501 405 3596; x_wconf 88' lang='lat' dir='ltr'><strong>ipso</strong></span> <span class='ocrx_word' id='word_1_213' title='bbox 436 3499 477 3568; x_wconf 90' lang='lat' dir='ltr'><strong>in</strong></span> <span class='ocrx_word' id='word_1_214' title='bbox 516 3496 604 3568; x_wconf 91' lang='lat' dir='ltr'><strong>loco</strong></span> <span class='ocrx_word' id='word_1_215' title='bbox 635 3496 912 3578; x_wconf 79' lang='lat' dir='ltr'><strong>distinctissime</strong></span> <span class='ocrx_word' id='word_1_216' title='bbox 955 3496 1105 3586; x_wconf 52' lang='lat' dir='ltr'><strong>dicitis,</strong></span> 
     </span>
     <span class='ocr_line' id='line_1_34' title="bbox 123 3591 1107 3692; baseline 0 -26"><span class='ocrx_word' id='word_1_217' title='bbox 123 3619 190 3666; x_wconf 86' lang='lat' dir='ltr'><strong>eur</strong></span> <span class='ocrx_word' id='word_1_218' title='bbox 204 3596 444 3692; x_wconf 75' lang='lat' dir='ltr'><strong>fortunatus</strong></span> <span class='ocrx_word' id='word_1_219' title='bbox 469 3591 702 3691; x_wconf 59' lang='lat' dir='ltr'><strong>appellatus:</strong></span> <span class='ocrx_word' id='word_1_220' title='bbox 737 3598 827 3692; x_wconf 75' lang='lat' dir='ltr'><strong>quio</strong></span> <span class='ocrx_word' id='word_1_221' title='bbox 860 3594 912 3670; x_wconf 84' lang='lat' dir='ltr'><strong>de</strong></span> <span class='ocrx_word' id='word_1_222' title='bbox 941 3596 1021 3671; x_wconf 80' lang='lat' dir='ltr'><strong>eius</strong></span> <span class='ocrx_word' id='word_1_223' title='bbox 1050 3620 1107 3668; x_wconf 87' lang='lat' dir='ltr'><strong>sa-</strong></span> 
     </span>
     <span class='ocr_line' id='line_1_35' title="bbox 119 3689 1132 3789; baseline 0 -25"><span class='ocrx_word' id='word_1_224' title='bbox 119 3690 199 3768; x_wconf 82' lang='lat' dir='ltr'><strong>lute</strong></span> <span class='ocrx_word' id='word_1_225' title='bbox 231 3715 364 3767; x_wconf 86' lang='lat' dir='ltr'><strong>omnes</strong></span> <span class='ocrx_word' id='word_1_226' title='bbox 396 3714 520 3787; x_wconf 77' lang='lat' dir='ltr'><strong>aeque</strong></span> <span class='ocrx_word' id='word_1_227' title='bbox 554 3689 635 3762; x_wconf 87' lang='lat' dir='ltr'><strong>fere</strong></span> <span class='ocrx_word' id='word_1_228' title='bbox 676 3712 721 3760; x_wconf 85' lang='lat' dir='ltr'><strong>ac</strong></span> <span class='ocrx_word' id='word_1_229' title='bbox 754 3690 804 3762; x_wconf 89' lang='lat' dir='ltr'><strong>de</strong></span> <span class='ocrx_word' id='word_1_230' title='bbox 837 3716 906 3768; x_wconf 83' lang='lat' dir='ltr'><strong>sua</strong></span> <span class='ocrx_word' id='word_1_231' title='bbox 936 3694 1132 3789; x_wconf 75' lang='lat' dir='ltr'><strong>ipsorum‘</strong></span> 
     </span>
     <span class='ocr_line' id='line_1_36' title="bbox 119 3786 1104 3886; baseline -0.002 -24"><span class='ocrx_word' id='word_1_232' title='bbox 119 3789 320 3884; x_wconf 79' lang='lat' dir='ltr'><strong>gaudeant.</strong></span> <span class='ocrx_word' id='word_1_233' title='bbox 370 3788 551 3864; x_wconf 82' lang='lat' dir='ltr'><strong>Similiter</strong></span> <span class='ocrx_word' id='word_1_234' title='bbox 575 3788 671 3858; x_wconf 84' lang='lat' dir='ltr'><strong>Cato</strong></span> <span class='ocrx_word' id='word_1_235' title='bbox 699 3786 748 3858; x_wconf 90' lang='lat' dir='ltr'><strong>de</strong></span> <span class='ocrx_word' id='word_1_236' title='bbox 772 3809 913 3886; x_wconf 83' lang='lat' dir='ltr'><strong>senect.</strong></span> <span class='ocrx_word' id='word_1_237' title='bbox 942 3813 1026 3886; x_wconf 86' lang='lat' dir='ltr'><strong>cap.</strong></span> <span class='ocrx_word' id='word_1_238' title='bbox 1040 3791 1104 3862; x_wconf 86' lang='lat' dir='ltr'><strong>lX.</strong></span> 
     </span>
     <span class='ocr_line' id='line_1_37' title="bbox 117 3884 1106 3984; baseline 0.001 -30"><span class='ocrx_word' id='word_1_239' title='bbox 117 3887 192 3958; x_wconf 74' lang='lat' dir='ltr'><strong>Cn.</strong></span> <span class='ocrx_word' id='word_1_240' title='bbox 220 3905 259 3957; x_wconf 90' lang='lat' dir='ltr'><strong>et</strong></span> <span class='ocrx_word' id='word_1_241' title='bbox 283 3889 322 3960; x_wconf 86' lang='lat' dir='ltr'><strong>P.</strong></span> <span class='ocrx_word' id='word_1_242' title='bbox 347 3885 547 3984; x_wconf 78' lang='lat' dir='ltr'><strong>Scipiones</strong></span> <span class='ocrx_word' id='word_1_243' title='bbox 581 3886 777 3968; x_wconf 83' lang='lat' dir='ltr'><strong>comitatu·</strong></span> <span class='ocrx_word' id='word_1_244' title='bbox 793 3884 980 3970; x_wconf 83' lang='lat' dir='ltr'><strong>nobilium</strong></span> <span class='ocrx_word' id='word_1_245' title='bbox 1004 3888 1106 3958; x_wconf 83' lang='lat' dir='ltr'><strong>iuve-</strong></span> 
     </span>
     <span class='ocr_line' id='line_1_38' title="bbox 117 3982 692 4083; baseline 0 -29"><span class='ocrx_word' id='word_1_246' title='bbox 117 4006 210 4060; x_wconf 84' lang='lat' dir='ltr'><strong>num</strong></span> <span class='ocrx_word' id='word_1_247' title='bbox 226 3982 459 4075; x_wconf 81' lang='lat' dir='ltr'><strong>fortunatos</strong></span> <span class='ocrx_word' id='word_1_248' title='bbox 484 3983 692 4083; x_wconf 87' lang='lat' dir='ltr'><strong>praedicat.</strong></span> 
     </span>
    </p>
   </div>
   <div class='ocr_carea' id='block_1_5' title="bbox 0 0 1370 4524">
    <p class='ocr_par' dir='ltr' id='par_1_7' title="bbox 0 0 1370 4524">
     <span class='ocr_line' id='line_1_39' title="bbox 0 0 1370 4524; baseline 0 3"><span class='ocrx_word' id='word_1_249' title='bbox 0 0 1370 4524; x_wconf 95' lang='lat' dir='ltr'><strong> </strong></span> 
     </span>
    </p>
   </div>
  </div>
 </body>
</html>
