2702 4548
136 3814 143 3830 ,
227 3748 377 3818 senatui

238 335 285 414 32

238 537 313 611 set,
351 542 482 620 neque
510 522 552 593 in
587 515 793 607 Marcello,
830 515 992 588 homine
1024 519 1259 618 prudentis·

237 623 335 690 simo
376 640 415 692 et
453 618 686 718 gravissimo,
725 612 911 689 adhiberi
982 619 1029 689 At
1070 622 1258 710 „Caesar

236 715 316 788 hoc
346 713 466 789 modo
500 719 655 805 certius,
701 713 791 812 quid
824 709 1001 784 nonnulli
1034 721 1251 809 sentirent,

231 809 453 911 ‘intelligere
482 812 639 887 voluit.“
661 872 663 876 ,
689 807 998 900 Concederem,
1028 817 1099 886 nisi
1143 817 1253 888 mihi

237 908 478 1009 compertum
511 931 624 1002 esset,
668 933 756 980 euni
786 907 827 980 id
860 925 954 980 tunc
983 912 1141 1010 quidem
1175 933 1253 987 aut
1325 979 1326 992 ,

235 1011 316 1080 iam
347 1007 527 1080 habuisse,
560 1012 705 1108 optime
735 1004 989 1098 intellectum,
1036 1027 1100 1081 aut
1131 1031 1249 1083 certe
1325 1011 1326 1024 ¹

235 1105 360 1179 fuisse
384 1103 640 1198 callidiorem,
673 1129 789 1205 quam
820 1107 885 1205 qui
912 1125 934 1174 e
958 1105 1101 1196 verbis,
1134 1133 1248 1208 quae

237 1202 322 1274 dari
362 1202 643 1302 potentioribus
693 1200 831 1294 solent,
880 1225 992 1275 veros
1035 1203 1246 1280 hominum

163 1375 167 1382 ,
233 1323 367 1374 sensus
393 1305 575 1400 cognosci
601 1299 787 1380 crederet.
1134 1375 1136 1381 ,

331 1399 383 1470 Ut
402 1403 499 1472 ‘vero
523 1417 645 1499 patet,
672 1397 750 1495 hoc
770 1395 889 1482 modo
915 1421 997 1470 rem
1015 1423 1097 1470 non
1122 1425 1244 1498 posse

234 1505 381 1596 gestam
413 1521 511 1586 esse,
543 1501 598 1569 ita
627 1494 820 1569 Weiskius
855 1494 904 1567 de
937 1518 984 1568 ea
1017 1496 1241 1570 doctissime

121 1615 122 1620 ’
235 1613 286 1685 et,
345 1619 432 1664 uam
458 1593 689 1667 hic'ducem
713 1593 823 1691 sequi
847 1591 1049 1682 debemus,
1094 1601 1241 1692 episto-

203 1753 206 1760 .
234 1691 298 1764 lae
318 1619 457 1762 lamm.
486 1691 548 1780 lV,¹
575 1701 608 1778 4.
647 1693 839 1787 aptissime
864 1689 962 1763 haec
987 1697 1237 1789 pronuntiat:
1325 1701 1326 1714 ¹

234 1793 344 1887 (pag.
375 1801 424 1876 56
451 1805 489 1860 et
513 1793 594 1884 57.)
634 1787 795 1859 Constat
823 1787 923 1858 inter
953 1791 1087 1861 omnes
1121 1817 1238 1881 „non
1325 1783 1326 1858 l

236 1888 354 1960 cuivis
391 1885 581 1958 consulari
619 1905 684 1958 aut
720 1887 889 1957 senatori
922 1888 980 1958 ius
1016 1884 1146 1977 fuisse,
1192 1907 1238 1962 ut
1323 1927 1324 1934 κ

231 1987 377 2085 primus
403 1981 453 2056 de
480 1986 610 2084 quavis
635 2007 676 2056 re
700 1982 816 2056 verba
842 1979 1006 2076 faceret,
1037 1984 1108 2057 sed
1134 2011 1237 2058 sum-

181 2163 182 2166 ,
232 2107 340 2155 mum
358 2086 616 2181 magistratum
635 2103 728 2164 rem,
741 2081 929 2178 agendam
947 2106 1018 2180 pro
1049 2086 1234 2157 osuisse.“

233 2184 367 2277 (certe,
387 2183 419 2252 si
443 2181 610 2251 dictator
634 2197 808 2252 senatum
833 2179 978 2269 habuit,
999 2107 1062 2251 alli
1087 2185 1236 2256 nemini

164 2283 165 2287 ’
232 2282 459 2380 pennissum
473 2296 551 2350 erat
568 2277 738 2370 referre.)
765 2279 887 2376 „Ergo
914 2280 1030 2349 etiam
1054 2277 1122 2351 illo
1150 2278 1232 2371 die,

231 2393 439 2476 postquam
464 2373 629 2448 dictator
654 2371 795 2449 Caesar
820 2375 869 2446 ad
893 2395 1067 2448 senatum
1091 2374 1232 2450 retule-

232 2491 309 2565 rat,
344 2475 491 2572 rogavit
515 2495 563 2544 ex
589 2471 726 2549 ordine
750 2472 934 2571 singulos,
966 2471 1059 2574 quid
1084 2474 1232 2548 videre-

231 2591 310 2662 tur,
348 2573 427 2644 sive
463 2570 558 2672 quid
595 2569 679 2643 fieri
719 2569 902 2669 placeret.
965 2575 1062 2643 Re'm
1103 2592 1231 2644 autem

232 2679 313 2742 tuni
337 2673 378 2741 in
402 2688 539 2742 senatu
564 2688 689 2742 actam
715 2669 853 2742 Cicero
879 2667 945 2740 illa
965 2667 1126 2768 epistola
1150 2696 1231 2744 non

231 2765 423 2868 prodidit,
473 2766 544 2840 sed
592 2767 858 2840 tantummodo
907 2763 1078 2858 factum,
1149 2767 1231 2841 uod

232 2889 326 2940 casu
349 2863 604 2962 interpellavit
627 2869 668 2938 L.
697 2867 838 2938 Pisonis
862 2869 1089 2938 orationem.
1121 2795 1231 2940 quc

230 2965 357 3062 ipsum
380 2958 524 3034 factum
549 2980 679 3033 narrat
702 2981 960 3060 praepostere.
1016 2966 1114 3036 Nam
1141 2987 1229 3038 cum

163 3097 164 3104 ¹
195 3151 196 3154 Ἴ
230 3062 338 3151 Piso,
372 3062 439 3158 qui
462 3063 566 3136 inter
588 3062 731 3157 primos
758 3087 780 3132 a
806 3061 971 3132 Caesare
994 3061 1147 3133 videtur
1169 3085 1243 3132 ro-·

231 3178 340 3254 gatus
366 3166 464 3248 esse,
493 3161 535 3228 in
562 3160 753 3230 sententia
785 3155 951 3230 dicenda
975 3161 1027 3232 M.
1054 3157 1230 3232 Marcelli

229 3256 386 3332 fecisset
415 3260 669 3346 mentionem,
702 3258 727 3330 i.
754 3279 788 3328 e.
818 3260 990 3355 petiisset
1015 3281 1037 3326 a
1063 3258 1228 3330 Caesare

230 3361 247 3450 <
280 3379 490 3455 uocunque
515 3353 558 3425 id
581 3351 675 3426 fecit
699 3353 860 3452 modo),
893 3373 936 3425 ut
967 3377 1055 3437 eum
1088 3352 1138 3425 abx
1164 3377 1228 3426 ex.

229 3382 316 3527 silio
348 3471 562 3546 revocaret,
593 3472 744 3526 senatus
776 3476 848 3554 pro
875 3449 1016 3524 eodem
1043 3449 1227 3552 depreca-

140 3579 144 3592 ·
229 3567 289 3622 tus
316 3570 390 3640 est,
415 3553 596 3624 siminus
625 3551 767 3638 verbis,
795 3548 1011 3650 supplicum
1033 3569 1137 3622 certe
1161 3549 1226 3622 ha-

229 3647 312 3720 bitu
338 3665 377 3720 et
401 3667 517 3814 {estu
568 3649 669 3721 Turn
696 3648 852 3721 demum
872 3649 1020 3721 'Caesar
1044 3645 1155 3740 dixit,
1185 3671 1225 3720 se
1305 3650 1306 3660 ’

403 3828 407 3838 Ι
432 3767 453 3816 e
483 3745 668 3820 Marcello
693 3772 783 3819 non
813 3757 1050 3844 negaturum.
1107 3747 1225 3818 Deni-

230 3867 307 3946 que
337 3841 442 3918 idern
473 3844 615 3916 Caesar
642 3843 808 3944 reliquos
841 3848 1071 3917 sententiam
1104 3842 1153 3916 de
1183 3867 1224 3916 re

229 3961 319 4016 ante
342 3938 437 4012 illud
463 3937 607 4014 facturn
634 3962 718 4015 acta
744 3941 875 4014 dicere
899 3945 1020 4016 iussit:
1057 3941 1162 4013 unde
1185 3942 1222 4016 hi

229 4044 395 4118 omnes“
425 4039 613 4141 (excepto
639 4039 836 4136 Volcatio,
870 4042 954 4142 qui,
988 4057 1031 4115 ut
1054 4038 1219 4212 vidpplur,

1170 4161 1220 4210 are
1325 4185 1326 4216 ι
