2730 4524
268 350 315 432 78
436 447 440 464 ⁸
588 451 589 456 q

268 526 480 621 habebant,
505 527 608 606 velut
633 529 768 604 Cicero
792 531 833 604 in
858 526 967 604 catil.
992 532 1020 621 I,
1049 555 1080 604 1.
1121 529 1252 606 Catili-

268 653 359 702 nam
385 648 423 702 et
444 627 538 700 Phil.
564 631 663 717 VIII,
694 655 723 699 1.
749 629 804 716 X,
833 654 863 699 1.
898 627 1093 714 consulem
1119 628 1252 727 appel-

267 724 339 798 lat:
367 723 573 820 Confosius
597 727 778 796 hesterno
803 726 870 795 die
898 742 954 795 est
978 743 1072 795 aeto
1096 750 1171 806 res,
1205 727 1249 800 C.

268 824 406 897 Pansa
436 839 505 896 cet.
547 839 602 894 et:
641 823 845 894 Maximus
875 820 975 901 tibi,
1014 822 1056 896 ,0.
1086 823 1250 904 Panse,

267 925 421 1019 gratias
445 943 576 992 omnes
600 935 640 988 et
664 917 810 988 habere
843 930 1024 1012 retegere
1048 917 1252 1003 debemus;

270 1036 343 1090 cet.
367 1020 408 1088 in
433 1013 666 1088 orationibus
697 1035 788 1085 vero
812 1037 883 1110 pro
907 1016 988 1110 Lig.
1014 1028 1052 1086 et
1074 1037 1144 1110 pro
1170 1015 1252 1088 De-

267 1117 353 1203 iot.‚
390 1129 543 1184 nostrae
573 1114 613 1182 in
644 1110 722 1182 hoc
752 1107 963 1197 simillimis,
999 1133 1082 1186 non
1111 1113 1152 1202 Ρ.
1188 1114 1248 1199 G.;

263 1210 335 1286 ,sed
377 1211 579 1282 Caesarem
622 1206 845 1304 alloquitur:
899 1207 1055 1278 Novum
1085 1211 1250 1289 crimen,

271 1309 310 1382 C.
344 1307 489 1380 Caesar
518 1323 588 1376 oet.
621 1323 673 1374 et:
702 1305 798 1377 Cum
832 1307 877 1372 in
911 1303 1090 1376 omnihus
1126 1309 1251 1380 causis
1358 1307 1359 1380 ζ

265 1401 524 1505 gravioribus,
563 1402 601 1475 C.
630 1403 773 1475 Caesar
798 1418 869 1472 cet.
1191 1461 1194 1466 ,

328 1548 330 1556 ·
368 1501 686 1574 Commemoratis
706 1499 939 1593 praesertim
955 1494 1249 1595 offensionibus)

270 1599 543 1688 „Praesertim
566 1595 722 1666 minime
752 1613 808 1665 est
831 1615 901 1664 sno
917 1586 1023 1668 loeo
1041 1597 1247 1689 positum.³'

268 1690 388 1764 Wolf.
429 1694 526 1762 Ante
551 1695 863 1783 commemoratis
884 1691 980 1786 poni
1006 1687 1155 1776 debuit;
1180 1687 1251 1764 sed

251 1788 346 1880 ⁴hoc
361 1805 418 1860 est
433 1784 569 1877 levius,
597 1785 781 1885 quodque
794 1785 1049 1884 negligentius
1065 1786 1250 1866 scribenti

267 1883 382 1958 facile
408 1883 568 1956 excidat.
889 1935 892 1944 .
930 1931 933 1938 ·
972 1915 980 1934 ·
1231 1943 1235 1952 .

364 1985 432 2054 Ex
464 2007 541 2080 quo
606 1979 756 2073 nofecto
791 1979 979 2078 intelligis
1016 1979 1108 2074 cet.)
1165 1981 1249 2071 „Ex

269 2079 492 2154 Caesarisne
523 2005 687 2163 tulino„
726 2076 850 2174 quod,
886 2078 1023 2190 nescio
1052 2103 1129 2177 quo
1160 2104 1247 2170 usn,

269 2175 407 2250 dicitur
430 2173 689 2248 maximum?’'
750 2173 925 2267 (,‚Credo
955 2175 1070 2271 ipsius
1095 2177 1251 2250 Cicero·
1360 2189 1361 2242 3

265 2276 337 2348 nis.
365 2274 470 2346 Orat.
483 2296 553 2369 pro
571 2276 673 2369 Lege
691 2269 822 2343 Manil.
841 2295 872 2341 c.
897 2285 951 2355 15.
971 2273 1117 2369 dequo
1140 2289 1249 2344 tan-.-

268 2387 323 2440 ta
347 2385 389 2441 et
411 2387 496 2445 tom
515 2368 729 2468 praeclaro
754 2370 941 2439 iudicio
961 2370 1125 2458 fecistis.
1154 2368 1247 2443 ibid.
1361 2451 1362 2462 ἵ

270 2489 302 2538 c.
339 2462 392 2538 16.
442 2467 609 2538 Potestis
640 2469 892 2545 constituere,
926 2467 1110 2562 Quirites,
1142 2464 1250 2538 liano

267 2567 553 2634 auctoritatem
584 2599 633 2616 --
671 2565 856 2658 magnis
886 2565 1022 2634 nestris
1052 2564 1248 2636 indiciis

268 2659 562 2758 amplificatam.
623 2655 718 2730 Phil.
743 2663 778 2747 l,
808 2671 861 2742 ¹5·
899 2655 1078 2730 indicia
1141 2661 1251 2757 epuli

266 2759 443 2830 Romani
464 2756 576 2828 vobis
596 2781 745 2853 parre
769 2753 1046 2827 videbantur.'’
1080 2686 1248 2852 Vlbrm)

268 2876 348 2943 „an
375 2876 422 2924 ex
445 2852 602 2926 Senatus
627 2873 819 2940 :consensu
843 2854 883 2923 in
904 2849 1175 2946 deprecando?
1200 2877 1249 2926 on

269 2947 439 3046 denique
473 2973 520 3022 ex
550 2947 624 3019 hac
656 2967 814 3046 utraque
845 2969 902 3036 re,
936 2963 1016 3019 tum
1041 2946 1167 3022 alieno
1192 2953 1248 3024 iu·

269 3043 390 3133 dicio,
415 3063 494 3117 tum
518 3044 611 3118 suo?
635 3042 739 3118 Nihil
762 3043 898 3117 horum
923 3048 1073 3140 penitus
1097 3044 1248 3142 probari

266 3159 410 3242 potest,
436 3141 553 3224 modo
572 3145 816 3238 grammanca
834 3143 998 3230 satione,
1025 3142 1144 3217 modo
1163 3169 1250 3218 sen-

266 3245 387 3312 tentia
411 3257 724 3338 repugnante
751 3241 913 3338 Assequi
934 3236 1094 3314 fortasse
1117 3238 1251 3312 licebit

268 3337 496 3427 divinando,
542 3336 635 3437 quid
678 3336 749 3410 sibi
792 3337 955 3410 voluerit
988 3335 1248 3412 Declamatos.
1304 3335 1307 3342 ’

265 3435 414 3534 Nempe
439 3464 492 3508 en
516 3461 580 3515 eo,
608 3435 734 3534 qnod
755 3450 913 3506 tantum
941 3433 1099 3531 gloriae
1126 3439 1175 3506 sit
1207 3440 1250 3506 io

265 3551 427 3629 accepto
453 3532 661 3630 beneficio,
694 3528 854 3628 intelligi
879 3553 992 3628 posse
1018 3532 1084 3622 ait,
1122 3554 1249 3630 quon·

265 3643 351 3698 tum
368 3631 409 3699 in
435 3631 531 3700 dato
557 3655 604 3700 eo
628 3634 679 3700 sit
696 3629 842 3700 landis:
864 3627 1035 3725 indeque
1052 3651 1249 3724 possumus

264 3726 464 3818 suspicari,
490 3723 584 3823 quid
607 3725 766 3798 Auctori
792 3723 967 3798 fraudem
996 3721 1147 3816 fecerit,
1178 3747 1250 3822 pro

264 3818 689 3894 formulatransitionis
721 3822 881 3918 ponenti
911 3843 964 3892 en:
995 3845 1092 3916 quo,
1130 3838 1174 3895 ut
1200 3823 1254 3894 si-·

264 3913 343 3992 mul
368 3914 526 4014 oblique
544 3935 737 4014 spectaret
761 3916 967 3988 remotiora
985 3914 1101 4001 hoec,
1128 3940 1251 4016 qaum

265 4019 308 4090 in
338 4011 532 4111 a,ocepto”
564 4031 636 4084 etc.
666 4011 785 4086 Wolf:
834 4010 894 4082 Ad
926 4033 1026 4109 quae
1057 4007 1251 4089 Weiskius
