2730 4524
274 345 322 426 80

372 528 485 622 „Qui
507 545 617 600 erunt
637 525 697 598 isti
714 525 875 607 Omnes,
902 524 952 598 ad
972 549 1066 625 quos
1082 521 1167 599 ¹non
1189 528 1258 597 mi-

275 649 350 699 nor
372 649 497 723 paene
519 625 663 696 laetitia
682 623 730 693 de
756 620 959 694 clementia
977 627 1149 697 Caesaris
1172 649 1259 723 per-

275 723 401 796 venit?
447 721 635 820 Populum
669 723 739 791 'seu
805 717 932 790 lebem
957 723 1171 792 Romanam
1203 720 1260 802 di-

278 845 357 910 cas,
402 823 434 892 si
471 839 604 891 notum
639 813 760 890 vocab
802 820 816 885 i
857 841 967 888 usum
1006 835 1174 913 spectes:
1220 836 1259 890 at

268 941 395 1017 ‘quum
419 915 586 988 laetandi
610 915 807 984 materiam
832 910 982 983 dederit
1006 913 1070 983 hic
1092 917 1176 1010 ipse
1192 914 1258 987 Se-

154 1043 160 1059 ·
276 1031 396 1103 natus,
422 1017 463 1082 in
489 1036 564 1109 quo
590 1009 721 1081 habita
744 1008 896 1106 fingitur
920 1010 1066 1100 Oratio,
1094 1033 1141 1088 eo
1164 1029 1258 1083 tem.

276 1133 372 1209 pore
401 1111 464 1180 vix
494 1112 668 1206 cuiquam
685 1123 851 1203 praeter
881 1105 1083 1180 Senatores
1100 1107 1257 1188 laetitia

236 1259 237 1264 ,
277 1205 390 1278 tribui
420 1208 607 1302 poterat.’'
644 1199 763 1276 Wolf.
820 1201 1023 1274 Senatores
1053 1203 1257 1302 significari
1358 1263 1359 1266 ,

277 1321 359 1374 tum
382 1308 454 1373 isto
475 1305 713 1400 peruenerit,
746 1317 825 1370 tum
856 1295 935 1372 aliis
986 1298 1126 1374 luribus
1153 1326 1257 1374 oom-

277 1399 457 1498 probatur
488 1423 520 1472 e.·
547 1423 581 1494 g.
611 1395 647 1494 §-
674 1423 708 1468 2.
742 1396 801 1466 his
831 1323 1039 1468 omnidus
1068 1399 1126 1468 ad
1155 1399 1257 1486 bene

277 1499 327 1568 de
358 1501 467 1568 omni
496 1495 643 1592 republ.
674 1495 907 1587 sperandum
938 1511 1026 1581 cet,
1062 1511 1110 1565 et
1141 1491 1175 1591 ξ.
1202 1507 1254 1581 3.:
1359 1513 1360 1528 ¹

278 1593 532 1665 Intellectum
551 1607 607 1661 est
624 1594 730 1661 enim
745 1643 764 1664 ..
778 1642 813 1663 ..
835 1587 974 1687 paullo
995 1607 1094 1661 ante
1117 1596 1258 1662 omni-

278 1690 360 1761 bus
386 1705 456 1759 cet.
1152 1707 1171 1761 ,¹

371 1785 435 1855 De
466 1781 532 1854 illa
564 1780 732 1881 denique
761 1786 802 1853 in
834 1801 1003 1855 extremo
1031 1786 1155 1882 capite
1178 1783 1258 1856 lau-

278 1879 433 1951 datione
470 1877 641 1952 Marcelli
678 1877 899 1951 mirabiliter
934 1884 1034 1953 inter
1057 1903 1100 1953 se
1122 1904 1259 1982 repug-

276 1997 370 2050 nant
394 1976 595 2050 doctorum
631 1978 797 2048 virorum
820 1976 972 2049 iudicia.
1033 1981 1143 2066 Nam,
1171 2003 1259 2050 cum
1361 2013 1362 2066 ;

277 2097 325 2148 ex
350 2078 530 2168 orationis
556 2073 776 2146 adversariis
806 2073 870 2146 alii
901 2097 987 2146 earn
1017 2074 1256 2172 ampliorem,
1361 2087 1362 2122 l

278 2172 342 2244 alii
358 2175 581 2270 parciorem,
602 2170 664 2242 alii
681 2174 1046 2244 omnino-Cicerone
1061 2171 1260 2270 indignam
1361 2241 1362 2246 ,

276 2269 464 2356 iudicent;
500 2272 579 2339 eius
603 2272 756 2364 patroni
780 2287 913 2340 contra
936 2267 1058 2340 laudis
1085 2268 1259 2366 amplitu-

272 2364 409 2466 dinem
445 2363 507 2438 vel
543 2367 727 2444 Caesaris,
754 2365 1002 2463 magnitudini
1042 2370 1158 2437 animi
1197 2365 1260 2439 vel

277 2482 470 2534 oratorum
493 2461 672 2534 licentiae
702 2465 1076 2559 congruentissimam
1106 2463 1257 2552 dicunt;

276 2564 498 2659 parcitatem
532 2578 575 2631 ut
612 2562 749 2631 eximie
780 2559 1008 2655 prudentem
1031 2557 1190 2632 laudant
1214 2585 1259 2632 ao

276 2657 462 2757 denique,
488 2655 550 2729 'ne
574 2649 688 2755 quam
714 2653 934 2755 relinquant
962 2654 1257 2749 dubitationem,

274 2757 345 2826 ista
375 2758 536 2832 recitant
565 2757 639 2830 Att.
670 2755 736 2845 ΙΙΙ,
779 2778 832 2827 12.
866 2753 915 2824 de
941 2756 1115 2828 oratione
1141 2755 1259 2852 negli-

246 2940 248 2945 Ι
274 2855 421 2948 gentius
445 2843 607 2948 scripta(
659 2851 710 2922 Ut
738 2871 829 2921 vero
863 2873 910 2923 ex
934 2849 991 2921 his
1022 2850 1258 2950 intelligitur,

276 2946 327 3018 de
356 2947 433 3018 hoc
464 2947 553 3021 loc'o
585 2945 768 3020 iudicium
798 2943 930 3020 saltem
953 2949 1132 3021 incertius
1158 2973 1258 3021 esse:

272 3045 328 3116 ita
350 3048 390 3114 in
417 3048 521 3115 omni
545 3047 672 3139 capite
689 3043 953 3141 percensendo
978 3043 1156 3135 vidimus,
1181 3069 1260 3116 rna-

272 3145 425 3231 ximam,
453 3139 590 3240 quibus
610 3138 804 3231 afficiatur,
829 3143 1151 3238 vituperationum
1174 3167 1260 3241 par·
1305 3138 1311 3148 ’

273 3258 351 3314 tem
375 3257 452 3309 tam
475 3235 587 3312 facile
618 3235 758 3334 refelli,
799 3255 840 3308 ut
869 3263 945 3310 non
1003 3241 1159 3319 ossimus
1191 3243 1270 3310 mi-·

274 3341 367 3427 rari,
394 3336 501 3435 quod
525 3335 699 3435 plerique
724 3358 797 3406 nec
820 3337 954 3409 ceteris
974 3263 1055 3406 loc
1077 3334 1257 3426 tribuant,

191 3497 193 3500 .
274 3453 318 3505 ut
347 3451 506 3532 propter
535 3456 598 3506 eas
630 3431 883 3504 adulterinum
915 3436 1138 3506 existiment.
1211 3437 1262 3504 At

195 3525 198 3535 '
274 3554 346 3627 ego
381 3527 422 3602 id
452 3553 540 3602 curn
567 3527 713 3603 Wolfio
742 3533 824 3602 sine
854 3527 973 3602 dubio
1008 3527 1270 3602 adulterinum

273 3628 530 3726 Ciceronique
555 3623 854 3698 abiudicandum
881 3649 964 3700 esse
990 3649 1147 3714 oense03
1172 3649 1261 3724 pro·

193 3775 197 3784 .
272 3721 356 3794 bari
379 3745 472 3795 vero
496 3722 537 3794 id
571 3747 651 3795 non
681 3741 760 3794 tam
789 3727 829 3794 in
860 3720 1033 3821 singulis,
1072 3745 1189 3820 quam
1219 3726 1262 3794 in

274 3823 379 3892 omni
404 3822 483 3890 eius
513 3822 749 3892 institutione
780 3838 819 3891 et
844 3819 1124 3916 compositione
1151 3837 1257 3918 puto.

272 3919 370 3988 Nam
394 3917 557 4013 primum
578 3915 752 4013 quidem,
778 3920 809 3985 si
824 3913 954 4010 paullo
975 3917 1153 3987 attentius
1171 3937 1262 4013 per.

272 4014 376 4114 legis,
402 4007 464 4088 vel
487 4008 578 4082 hinc
602 4009 672 4083 tibi
695 4033 833 4104 magna
857 4008 960 4082 rudis
986 4007 1146 4088 alicuius
1170 4035 1262 4084 auo-

1166 4111 1264 4182 toris·
