2730 4524
238 333 307 410 104
345 431 355 452 ο

156 563 161 572 ·
242 519 341 618 quid
369 517 464 588 belli
486 517 664 614 ¹fortuitu
700 513 895 614 relr'quum
931 518 1028 604 reip.
1054 512 1226 609 fecerit,

238 618 284 684 id
298 640 374 686 esse
399 615 546 686 saluum
569 611 709 702 velta:
729 632 843 710 arque
867 611 1014 685 idcirco
1038 636 1118 681 non
1144 637 1228 686 mo-

239 709 291 780 do
326 735 396 782 nos
428 730 465 782 te
495 713 648 782 summis
678 708 853 782 laudibus
888 711 1119 808 summisque
1151 727 1229 780 stu·

240 807 311 878 diis
337 831 630 908 prosequemur;
661 832 792 880 verum
825 811 896 903 ipsi
928 807 1024 878 adeo
1052 811 1229 905 parietes

238 905 353 976 huius
385 913 543 985 curiae,
575 921 620 974 ut
644 905 743 978 mihi
767 905 939 984 videtur,
966 905 1043 974 tibi
1072 910 1229 999 gratias

236 1027 358 1099 agere
384 1005 576 1100 gestiunt,
617 1003 725 1097 quod
756 1000 860 1070 breui
890 994 1087 1094 tempore,
1124 1005 1228 1087 (non

237 1101 339 1168 enim
366 1117 406 1170 tu
430 1095 535 1168 voles
564 1095 686 1168 bonos
711 1099 810 1167 viros
838 1096 902 1166 diu
917 1095 1062 1168 habere
1086 1095 1229 1169 sollici-

235 1194 330 1288 tosl)
361 1193 465 1291 quod
491 1196 604 1289 igitur
629 1194 734 1264 brari
752 1211 933 1290 ‘tempore
957 1193 1027 1262 illa
1052 1199 1228 1264 auctori-

235 1307 295 1361 tas
318 1293 342 1361 i.
370 1315 403 1362 e.
429 1289 485 1360 illi
509 1309 702 1362 senatores
728 1287 855 1365 adhuc
881 1287 1076 1362 exulantes
1097 1290 1230 1379 futuri

233 1391 311 1458 sint
336 1392 379 1457 in
406 1388 465 1458 his
489 1391 686 1458 maiorum
710 1413 865 1456 suorum
898 1411 937 1458 et
960 1390 1034 1456 suis
1059 1387 1225 1460 sedibus.

232 1483 314 1556 Ad:
347 1485 422 1554 illa
448 1477 669 1566 auctoritas
693 1507 781 1580 pro:
812 1481 866 1553 illi
891 1502 1105 1572 senatores,
1137 1507 1229 1557 cunt

233 1578 513 1677 significatione
539 1580 722 1676 qua'dam,
757 1597 799 1650 ut
823 1577 1105 1668 mihtvidetur,
1136 1605 1228 1654 auo·

233 1681 393 1748 toritatis
420 1696 459 1748 et
482 1680 684 1748 maiestatis
710 1681 924 1748 senatoriae
957 1675 1003 1748 cf.
1032 1694 1125 1748 orat.
1152 1703 1226 1774 pro

231 1776 311 1869 Lig.
351 1798 382 1846 c.
412 1776 479 1854 XL
537 1773 711 1844 Videsne
741 1778 865 1872 igitur
899 1775 1005 1844 hunc
1041 1775 1228 1872 splendo-
1264 1838 1269 1846 .

232 1895 333 1949 rem,
360 1895 516 1940 omnem
546 1869 652 1939 hano
683 1869 952 1940 Brocchorum
975 1872 1138 1944 domum
1162 1893 1225 1948 .“..
1354 1889 1355 1914 ¹

233 1965 348 2040 hosce
372 1989 506 2042 omnes
530 1969 696 2067 equites,
724 1971 792 2069 qui
815 1967 961 2042 adsunt
986 1986 1058 2046 cet.
1116 2011 1119 2017 ¹

630 2259 733 2334 cna
762 2211 827 2336 tv.

327 2453 533 2554 Reliquum
571 2473 628 2528 est
663 2449 839 2554 quartum
877 2472 993 2553 caput
1022 2455 1223 2548 orationis,

102 2610 125 2630 „
229 2567 272 2621 ut
307 2551 400 2622 mihi
436 2578 656 2650 persuasum
682 2570 753 2639 est,
794 2569 917 2628 totum
942 2577 1002 2624 ex
1038 2552 1225 2626 industria

229 2651 464 2744 grammatici
486 2653 605 2723 nostri
622 2651 873 2746 ingratissima
892 2668 1077 2720 exortum.
1108 2653 1223 2741 Nam,

110 2767 122 2782 ¹·
227 2768 280 2816 ne
304 2745 345 2816 id
370 2770 687 2836 commemorem,
719 2745 824 2844 quod
857 2750 1014 2818 minime
1046 2769 1132 2817 curn
1157 2772 1226 2818 an·

228 2841 494 2914 recedentibus
527 2843 725 2917 cohaeret:
763 2839 831 2914 sed
864 2861 952 2940 post
982 2847 1224 2941 ingeniosam

226 2933 385 3008 laudum
418 2938 643 3012 bellicarum
674 2963 761 3012 cum
792 2941 858 3029 iis,
897 2964 997 3038 quae
1021 2958 1225 3012 mansuete

200 3031 336 3107 ,lactis
361 3055 628 3132 procreentur,
665 3039 993 3132 comparationem
1020 3061 1226 3110 summam·

256 3155 304 3203 ue
331 3150 370 3203 et
395 3131 710 3229 elegantissimam
736 3135 907 3206 Caesaris
937 3133 1222 3223 laudationem,

227 3157 398 3328 denique
433 3255 522 3320 earn,
557 3233 739 3302 orationis
780 3229 1036 3323 altitudinem,
1074 3250 1117 3303 ut
1146 3233 1224 3328 ipsi

225 3330 391 3422 parietes
419 3331 547 3402 curiae
571 3327 802 3401 inducantur
833 3333 968 3425 gratias
1000 3352 1115 3428 agere
1140 3351 1223 3425 ges·

227 3427 377 3517 tientes,
400 3423 621 3524 posthaec,
647 3429 816 3524 inquam,
845 3429 928 3523 quis
947 3449 1027 3497 non
1045 3430 1223 3522 ineptum

225 3518 388 3612 iudicet,
428 3521 535 3621 quod
566 3520 692 3596 subito
725 3521 846 3594 bonus
875 3543 1022 3615 noster,
1063 3526 1129 3621 qui
1153 3521 1224 3592 ha·

193 3612 310 3691 [beri
333 3617 430 3709 vult,
466 3621 605 3692 Cicero
638 3637 785 3707 narrat,
817 3641 860 3690 se
891 3622 1140 3718 quidem-in
1173 3618 1220 3695 G.

223 3712 398 3784 Marcelli
420 3715 586 3788 lacrimis
611 3713 662 3788 de
688 3711 864 3786 omnihus
889 3713 1082 3788 Marcellis
1114 3719 1220 3814 cogi-

225 3807 350 3881 tasse?
395 3812 481 3884 Nec
506 3815 623 3908 magis
641 3811 741 3884 haec
784 3810 899 3884 robo:
926 3809 1064 3911 quibus
1088 3829 1133 3884 tu

226 3906 432 3978 reddidisti
437 3933 453 3990 ;
477 3908 667 4004 siquidem
693 3934 716 3978 a
773 3911 930 3980 icerone
956 3907 1122 3982 alienum
1146 3933 1221 4006 pu-

222 4019 264 4078 to
291 4000 438 4080 dicere:
470 4005 543 4076 nisi
565 4005 619 4078 M.
644 4002 868 4096 Marcellus,
898 4008 1077 4088 nimirum
1098 4031 1222 4107 prop.
