2730 4524
1080 321 1128 404 89

136 531 305 606 ponere,
335 500 413 576 scil.
445 523 526 574 non
549 499 752 582 aliorum
772 499 842 574 sed
867 527 987 582 meos,
1022 501 1129 602 quod

141 624 373 702 pronomen,
399 617 441 670 ut
466 615 627 686 constat,
654 601 790 710 minus!
804 598 1000 694 eleganter
1024 599 1131 674 addi·

140 719 218 789 tur,
258 697 325 770 ubi
362 721 442 767 non
479 697 669 792 oppositio
708 713 774 774 aut
798 695 985 794 emphasis
1013 721 1130 796 quae·
1163 777 1164 782 η

86 785 229 867 ¹‘dam
256 796 297 865 id
322 797 455 892 poscit.
505 789 654 864 Indicat
672 814 835 891 sequens
856 787 1036 890 idernq'ue
1062 797 1132 889 (sic

142 892 270 970 scribo
297 895 366 990 pr'o
391 892 531 986 idque)
564 889 736 960 libenter
757 915 808 962 cr.
836 915 964 988 usurp.
989 915 1132 960 sermo-

143 990 268 1062 nibus.
318 991 421 1060 Prius
446 1009 606 1082 nempe,
638 979 682 1058 ‘td
703 1012 852 1080 ponere
878 1003 975 1058 ante
1000 987 1134 1062 oculos

143 1090 311 1185 pertinet
348 1083 557 1180 adipsum
588 1083 833 1172 Ciceronem;
869 1082 1135 1181 posterius-ad

146 1183 256 1273 alios,
282 1186 306 1254 i.
334 1185 433 1254 ent
460 1199 498 1250 et
524 1176 587 1248 alii
612 1201 659 1249 ex
688 1183 701 1250 i
728 1185 802 1250 sius
829 1179 968 1252 crebris
991 1203 1136 1253 sermo·

144 1279 256 1352 nibus
281 1277 387 1350 idem
412 1276 484 1350 sibi
510 1292 598 1346 ante
624 1205 757 1348 ocufos
782 1299 929 1374 ponere
955 1299 1135 1366 consues—
1185 1291 1188 1298 '

147 1378 275 1452 cant.”
303 1371 449 1448 Weisk.
676 1436 679 1443 .

177 1561 179 1564 Ι
244 1470 280 1568 g.
307 1483 340 1544 6.
392 1473 505 1568 Quae
538 1467 696 1569 quidem
726 1509 774 1524 -
794 1471 944 1563 fatear
970 1510 1020 1528 -
1051 1493 1136 1540 ma-

147 1575 277 1658 iota.)
360 1569 525 1658 „Cicero
551 1565 740 1656 ,dicturus
778 1585 880 1656 erat,
912 1571 965 1648 3ni
1004 1563 1136 1654 fallor3

150 1669 262 1765 Quae
299 1670 377 1736 nisi
411 1669 495 1763 quis
526 1703 576 1720 -
600 1663 791 1759 fateatur
820 1705 869 1720 -
898 1689 1034 1738 amens
1069 1668 1139 1734 sit:

47 1773 67 1800 '⁴
147 1765 326 1854 nimirum
365 1759 540 1858 displicet
576 1764 698 1830 oratio
737 1759 788 1830 ad
818 1764 981 1861 primam
1011 1785 1140 1860 perso·

148 1863 237 1931 nani
263 1879 436 1932 retracta.
484 1861 625 1955 Neque
652 1857 988 1932 accommodatum
1009 1878 1066 1932 est
1090 1855 1141 1930 ad

149 1947 391 2044 sententiam,
436 1953 544 2054 quod
571 1953 715 2040 deinde
744 1954 926 2054 legimus,
970 1959 1142 2056 Quidam

150 2055 289 2124 solent.
359 2053 452 2144 Quis
486 2053 588 2120 enim
617 2053 782 2147 ignorat,
830 2053 1031 2149 Quosdam
1057 2075 1140 2124 esse

152 2150 390 2246 insipientes,
421 2145 688 2246 permultaque
717 2148 844 2218 'solere
877 2166 915 2220 et
947 2148 1078 2230 dicere
1105 2165 1144 2220 et

152 2243 281 2319 facere
309 2243 611 2340 inconsiderate,
644 2268 744 2342 quae
772 2267 888 2318 nemo
921 2264 1028 2320 curet
1054 2270 1144 2344 pru-

154 2339 248 2415 dens
285 2338 570 2414 existimator?”
608 2337 726 2414 Wolf.
788 2347 990 2441 „primam
1014 2367 1144 2442 perso-

153 2466 262 2528 nam,
301 2439 454 2534 adiecto
482 2441 596 2510 etiam
607 2443 850 2606 prenomine
881 2467 972 2542 ego,
1009 2459 1145 2513 auctor

154 2555 362 2634 propterea
395 2535 547 2609 videtur
583 2561 605 2606 a
635 2535 841 2628 hibnisse„
858 2555 901 2624 ut
938 2560 986 2610 eo
1023 2541 1144 2634 magis

154 2662 168 2704 1
196 2657 238 2704 sa
272 2630 379 2706 verbi
413 2630 538 2706 forma
575 2652 798 2731 appareret,
844 2637 979 2731 ipsum,
1004 2633 1147 2714 bellica

156 2658 328 2802 gaesaris
362 2728 463 2804 facta
500 2728 747 2804 vehementer
790 2729 987 2822 admirari,
1032 2750 1083 2805 et.
1103 2748 1147 2804 ut

157 2828 298 2902 Caesar
324 2852 370 2900 eo
396 2832 518 2900 minus
545 2828 727 2927 deinceps
747 2828 992 2902 extenuanda
1011 2852 1148 2902 eorum
1182 2871 1190 2882 ·

155 2921 270 2999 laude
289 2921 584 3018 offenderetur.”
612 2924 758 3000 Weisk.
777 2968 826 2982 -
850 2929 1023 3027 Quidam
1040 2944 1147 3000 recte

155 3019 280 3094 habet.
321 3024 480 3104 ¹Etenim
505 3046 585 3094 non
610 3022 689 3096 vult
712 3027 837 3096 statim
863 3023 911 3108 ab
927 3027 1037 3098 initio
1062 3029 1148 3122 ipse

153 3115 337 3191 bellicam
374 3121 545 3192 Caesaris
590 3119 747 3217 gloriam
784 3125 1055 3208 ,imminuerer
1079 3119 1150 3192 sed

155 3218 276 3329 prius,
304 3213 398 3314 quid
415 3216 480 3290 alii
497 3215 547 3287 de
566 3239 612 3287 ea
628 3217 815 3308 iudicent,
842 3216 959 3288 refert
983 3240 1031 3288 ac
1055 3235 1148 3290 tunc

155 3311 198 3382 id
236 3332 285 3380 ex
318 3328 430 3407 parte
471 3311 628 3411 quidem
666 3337 797 3385 verum
836 3336 917 3386 esse
955 3315 1148 3386 concedit.

156 3405 288 3481 Verba
311 3425 455 3479 autem:
486 3409 697 3497 detrahere
725 3411 888 3484 ducibus
917 3413 1067 3483 insitiva
1094 3414 1175 3484 iun

159 3503 266 3596 dico,
299 3522 435 3600 utpote
459 3503 532 3577 illis
556 3504 820 3604 sequentibus:
859 3515 1151 3582 communicare

159 3629 248 3674 cnm
273 3601 422 3681 multis,
455 3630 512 3686 ne,
528 3607 716 3702 propriae
746 3609 825 3674 sint
849 3609 1151 3705 imperatorum,

159 3718 225 3772 aut
248 3697 350 3770 male
375 3696 564 3796 superflua
595 3718 660 3770 aut
689 3701 826 3788 nimia3
858 3726 947 3774 nam
979 3726 1070 3777 vere
1095 3700 1153 3774 illi

118 3829 120 3844 ·
160 3799 323 3892 quidam
347 3817 426 3868 non
450 3794 583 3868 laudes
608 3794 766 3872 bellicas
793 3822 925 3872 omnes
945 3798 1153 3880 detrahunt

162 3890 338 3982 ducibus3
375 3889 446 3966 sed
476 3917 540 3966 eas
571 3911 718 3966 tantum
751 3901 1035 3982 communicant
1066 3919 1154 3968 cum

150 3987 297 4062 'multis
347 3992 438 4064 Ista:
464 3995 516 4066 In
540 3997 661 4066 armis
683 4018 781 4088 non,
807 4015 850 4068 ut
873 3995 1076 4098 Weislpus
1105 3993 1155 4062 de
