2702 4548
240 333 289 410 30

241 515 346 590 venit
385 515 484 589 iusta
522 511 665 602 oratio,
702 533 783 588 nou
818 511 1109 588 Ciceroniano“
1146 513 1265 588 nihil
1307 603 1312 607 ,

241 619 317 688 nisi
345 613 445 688 istud
474 617 552 685 iam
584 636 698 710 supra
731 609 874 682 dictum
906 617 1131 707 repetimus:
1167 639 1264 688 nec

237 731 370 786 nostra
397 714 503 784 omni
529 713 722 796 oratione3
753 705 819 804 sed
843 711 963 806 priori
988 729 1134 788 tanturn
1161 717 1261 786 eius

239 828 352 911 parte
385 812 520 909 gratias
552 809 629 906 agi;
661 807 912 906 posteriorem
944 829 1025 880 esse
1063 809 1113 904 (le
1149 837 1261 911 que·

180 935 185 946 ·
239 907 322 985 rela
354 909 523 982 Caesaris
557 904 607 978 de
636 903 779 982 insidiis
813 903 1044 1004 quibusdam
1072 907 1145 980 sibi
1177 901 1258 1008 pa-

240 1010 339 1080 ratis.

336 1102 414 1178 Sed
442 1101 491 1174 de
515 1099 724 1200 hoeripso,
770 1095 878 1200 quod
908 1105 1059 1200 saepius
1092 1105 1134 1174 in
1167 1101 1252 1178 hac

135 1243 138 1256 ·
205 1265 209 1270 .
242 1201 508 1274 dissertatione
535 1203 646 1302 quasi
663 1198 947 1298 praetereundo
968 1224 1252 1274 commemora·

238 1304 379 1390 vimuS,
403 1302 482 1372 iam
508 1305 579 1371 erit
597 1299 810 1386 accuratius
837 1295 1038 1396 agendum.
1089 1301 1249 1372 Etenim

238 1402 280 1472 in
306 1401 551 1498 argumentis,
585 1395 722 1497 quibus
753 1394 854 1468 hanc
879 1398 1060 1468 Ciceroni
1093 1396 1247 1470 abiudi-
1326 1391 1327 1404 ¹

242 1515 331 1569 cant
374 1501 609 1584 orationem,
649 1490 753 1565 haud
793 1490 1023 1566 levissimum
1063 1514 1119 1566 est
1158 1498 1243 1594 ipsa

238 1593 540 1670 haeocaesaris
571 1597 612 1662 in
641 1609 776 1662 senatu
809 1589 964 1689 querela
996 1590 1045 1662 de
1073 1593 1244 1686 insidiis,

137 1769 141 1776 ,
240 1718 355 1794 quam
377 1691 535 1790 quidem
559 1707 703 1786 negant
728 1686 775 1759 ab
804 1711 852 1760 eo
876 1714 1048 1788 unquam
1074 1688 1244 1764 habitam

241 1812 341 1880 esse,
380 1788 450 1862 sed
486 1813 509 1859 a
543 1789 810 1886 grammatico,
854 1784 1010 1859 dicendi
1040 1794 1243 1863 materiem

242 1890 520 1988 conquirente,
579 1903 723 1960 temere
781 1882 911 1958 fictam
961 1909 1043 1959 esse
1093 1886 1239 1962 dicunt.

240 1986 352 2080 Quae
379 1983 582 2082 doctorum
605 1984 773 2055 virorum
804 1985 993 2054 sententia
1023 1987 1242 2081 gravissima

240 2085 290 2158 ad
315 2102 514 2183 totamque
545 2083 760 2155 orationem
793 2083 955 2153 attinens
986 2106 1064 2181 quo
1100 2089 1240 2158 certius

144 2225 147 2232 ·
239 2203 277 2256 et
295 2181 441 2256 facilius
461 2182 665 2255 existimari
684 2181 821 2275 possit,
847 2181 935 2267 iam,
960 2179 1053 2278 quid
1080 2186 1239 2257 omnino

237 2279 307 2353 illo
334 2281 398 2351 die
421 2281 462 2350 in
487 2296 627 2349 senatu
643 2297 770 2350 actum
795 2301 876 2350 esse
901 2277 1073 2349 videatur
1098 2297 1136 2350 et
1161 2307 1238 2380 quo

237 2377 378 2468 modo,
410 2373 541 2474 paullo
577 2373 787 2448 distinctius
826 2397 1020 2472 exponere
1053 2378 1235 2452 conabor.

237 2472 296 2548 A'c
333 2477 498 2574 primum
537 2471 694 2572 quidem
732 2477 904 2546 senatum
941 2498 1022 2544 non
1060 2496 1237 2549 coactum

239 2595 321 2646 esse
348 2573 398 2652 de
415 2573 468 2646 M.
488 2570 683 2661 Marcello,
699 2583 898 2668 comparet
915 2595 963 2644 ex
989 2571 1064 2644 hist
1092 2571 1233 2666 (famur.

237 2672 301 2761 IV,
328 2673 387 2768 4.)
441 2673 609 2742 Fecerat
642 2667 719 2741 hoc
747 2689 921 2748 senatus,
955 2685 998 2740 ut
1023 2697 1110 2742 cum
1137 2700 1162 2744 α
1188 2671 1233 2748 L.

238 2768 386 2841 Pisone
423 2772 569 2838 mencio
602 2783 701 2840 esset
725 2766 848 2864 facta
884 2764 934 2837 (le
967 2768 1163 2840 Marcello
1197 2789 1237 2860 ec

238 2889 328 2939 oum
343 2865 389 2941 C.
410 2863 628 2957 Marcellus
651 2891 693 2936 se
716 2865 968 2936 ad'Caesarr's
984 2868 1102 2959 pedes
1127 2867 1232 2940 abie-

239 2965 370 3043 cisset,
398 2978 558 3033 cunctus
585 2979 839 3056 consurgeret
868 2976 911 3032 ec
939 2965 997 3032 nd
1028 2963 1234 3038 Caesarem

235 3059 405 3160 supplex
433 3057 654 3157 secederet.
711 3061 817 3130 Dein
846 3081 938 3131 vero
970 3056 1123 3157 plurimi
1154 3084 1231 3136 tem

235 3160 288 3232 sic
314 3172 458 3256 gestam
484 3177 567 3226 esse
593 3177 794 3227 censuere:
846 3155 1027 3250 ‚,Caesar,
1060 3183 1140 3234 non
1165 3165 1231 3234 im-

112 3293 118 3304 ,
205 3345 209 3350 Ι
235 3279 386 3330 memor
412 3253 569 3354 quidem
593 3254 731 3346 veteris
753 3253 992 3346 inimicitiae,
1027 3275 1065 3328 et
1098 3282 1231 3330 consu-

234 3351 317 3426 latu
369 3350 545 3428 Marcelli
600 3353 889 3452 comparatione
926 3352 1024 3444 ·Ser.
1074 3355 1231 3456 Sulpicii

209 3451 376 3546 'acriter
404 3469 556 3541 notato,
588 3467 717 3524 tamen
749 3447 911 3549 publicis
944 3449 1140 3526 desideriis
1172 3475 1227 3526 ce·

140 3639 142 3648 Ι
236 3546 409 3620 dandum
440 3547 566 3639 duxit,
605 3546 718 3620 simul
748 3546 929 3646 singulos,
972 3551 1079 3648 quasi
1111 3552 1159 3624 de
1188 3575 1228 3626 re

236 3643 370 3734 dubia,
395 3649 602 3718 sententias
627 3648 789 3742 rogavit3
814 3648 892 3717 sive
917 3663 959 3718 ut
983 3649 1139 3721 Senatui
1164 3677 1226 3721 an·
1326 3701 1327 3712 r

235 3745 365 3842 tiquae
398 3739 582 3816 libertatis
617 3743 861 3818 simulacrum
900 3743 1121 3842 praeberet,
1161 3771 1241 3820 seu-
1326 3779 1327 3796 t

236 3840 344 3941 quod
369 3838 593 3930 Marcellum
619 3841 777 3941 putabat
803 3841 876 3912 hoc
893 3841 1084 3916 beneficio
1110 3841 1224 3918 libert·
1326 3869 1327 3876 ’

235 3943 309 4012 tius
333 3953 508 4028 usurum,
533 3941 563 4010 s‘i
590 3965 612 4010 a
637 3939 784 4038 republ.
804 3939 929 4036 potius
957 3964 1069 4040 quam
1096 3947 1250 4026 aDic-,
1326 3965 1327 4008 t

234 4053 360 4130 satore
392 4033 524 4108 datum
560 4053 676 4130 esset,
719 4061 789 4110 seu
822 4062 899 4136 quo
914 4099 919 4112 .
934 4039 1091 4134 certius,
1137 4042 1220 4142 quid
