2730 4524
1032 345 1127 457 n·

136 521 234 597 vilia.
284 524 451 614 Etenim,
479 522 631 622 quando
646 543 724 613 ea,
754 528 963 623 quaecum
988 544 1108 598 exter-

135 623 193 690 nis
219 619 390 692 hostibus
414 643 604 715 geruntur,
670 622 768 692 lures
803 621 851 691 ob
886 645 1109 694 censesne·

137 720 300 789 cessarie
330 718 520 806 videntum
550 723 590 789 in
620 647 692 788 illis
708 719 871 812 ‚nonnisi
900 741 1129 814 paucorum

73 897 75 908 y
135 815 375 910 quorundam
400 815 544 886 brnesta
571 815 724 891 ambitio
756 832 794 885 et
822 812 1000 911 superbia
1025 820 1111 890 clvi-

134 928 252 980 tatem
284 915 397 982 ruinis
428 929 467 982 et
500 935 633 987 cruore
670 930 821 1008 praeter
849 915 1129 999 necessitatem:

132 1005 276 1102 implet.
344 1007 603 1100 Quamobrem
637 1031 768 1078 eorum
786 1011 961 1080 uictores
998 1008 1111 1082 rebus
1196 1051 1199 1057 ·

133 1101 283 1174 fortiter
319 1110 430 1202 gestis
463 1107 836 1176 admirationem
863 1115 1112 1203 assequuntur

136 1199 290 1298 quidem
315 1221 351 1273 et
378 1200 579 1272 clementie
602 1199 804 1272 multorum
815 1203 933 1278 ,etiam
951 1200 1113 1276 benevo-
1132 1262 1134 1270 .

132 1295 289 1368 lentiam
316 1296 513 1380 collinunn
539 1297 608 1367 sed
633 1298 742 1366 tristis
767 1319 857 1368 sane
875 1315 988 1395 atque
1006 1324 1113 1374 acer·
1199 1300 1202 1306 “

133 1392 184 1463 ba
211 1413 266 1466 est
291 1395 489 1464 admiratio
521 1391 821 1464 fortitudinisin
852 1390 1043 1486 fratribus,
1071 1395 1112 1466 fr·

131 1489 210 1579 liis,
238 1493 366 1561 amicis
391 1493 524 1562 nostris
550 1487 770 1561 enecandis!
800 1485 998 1560 elementia
1021 1515 1112 1563 vero

132 1591 204 1658 isra
230 1592 460 1684 optatissime
483 1591 530 1657 sit
552 1585 660 1673 licet3
694 1603 859 1656 attamen
880 1591 973 1685 -quis
998 1593 1131 1685 poesie·
1198 1663 1200 1670 ,

135 1687 311 1777 cogitari,
355 1689 436 1783 qui,
473 1687 647 1782 si.·optio
689 1681 861 1772 daretur,
903 1707 949 1754 ea
986 1684 1133 1756 mallet·

135 1785 366 1871 conservari,
407 1806 519 1879 quam
544 1785 584 1852 in
610 1779 811 1878 tranquille
838 1784 989 1850 civitate
1010 1805 1122 1878 pror-⁴

132 1903 194 1949 sus
221 1902 299 1948 non
324 1879 513 1975 indigere?
566 1883 615 1948 At
630 1881 814 1967 .vero,.si·
833 1875 887 1950 illi
911 1881 980 1948 riri
1001 1877 1136 1951 bellis·

132 1973 247 2046 finitis
273 1978 308 2044 ei
333 1975 426 2044 dent
451 1998 627 2072 operam,
660 1994 701 2044 ut
726 1973 882 2063 ciuibus,
923 1979 983 2046 cui
1008 1973 1136 2049 bono·
1183 1991 1187 2001 '

134 2090 192 2142 tot
216 2071 313 2142 mala
331 2075 588 2160 sustinuerint,
616 2089 813 2168 appareat3
838 2087 896 2158 ut,
922 2093 1035 2167 quem
1059 2092 1138 2145 rev

133 2192 243 2239 mere
277 2174 499 2265 pervertisse
530 2167 746 2258 videantur3
769 2165 959 2238 „ordinem
979 2189 1116 2242 *rerum

136 2268 305 2338 omnium
337 2265 537 2431 diligenter
564 2270 780 2352 restituant,
823 2261 1045 2364 legibusque
1073 2287 1138 2338 ec=

134 2365 308 2435 institutis
333 2365 373 2431 in
429 2366 482 2432 ies
511 2365 627 2460 magis
653 2359 892 2433 confirment:
931 2379 1023 2434 tunc
1041 2365 1157 2436 ‘veis

67 2479 71 2482 ·
135 2483 217 2530 ram
253 2461 561 2530 admirationem
597 2479 648 2536 et,
698 2459 844 2529 loriam
881 2481 966 2530 cum
987 2461 1138 2536 laude

57 2567 59 2574 ’
135 2557 324 2628 bonorum
368 2560 612 2628 coniunctam
653 2558 724 2626 sri
768 2553 950 2643 alliciunt,
988 2579 1137 2657 neque·

137 2677 223 2724 eam
240 2650 343 2724 brevi
358 2671 598 2750 pereuntem,
623 2651 692 2724 sed
711 2649 951 2730 stabilem-ad
971 2671 1137 2726 omnee-›

136 2771 212 2849 que
238 2767 376 2821 aetates
402 2749 681 2848 perdurantem.
729 2751 839 2820 Haec
857 2765 983 2820 autem
1000 2768 1037 2822 et
1054 2772 1119 2822 ve-

135 2848 281 2920 rissima
305 2865 407 2936 sunu,
422 2895 426 2906 ›
442 2866 479 2918 et
501 2851 541 2916 in
566 2849 895 2918 nostraoratio'ne
919 2849 1117 2938 scientissi-

135 2941 263 3015 meet
288 2941 506 3042 dignissime
529 2962 760 3020 tractantuu·
809 2943 911 3013 Nam·
932 2963 1019 3040 post
1041 2954 1137 3016 ain:

135 3037 338 3138 plissimarn
378 3042 439 3112 de·
463 3040 647 3113 Marcello
682 3042 883 3139 gratiarum
927 3045 1120 3113 actionem

135 3135 556 3236 splendidissimumque
590 3157 670 3209 tum
710 3137 757 3209 de
797 3140 956 3212 victoria
984 3139 1127 3226 Caesa-5

135 3237 185 3304 ris
211 3251 290 3302 tum
321 3233 370 3302 de
394 3236 477 3330 ipso
496 3235 838 3330 praedicationem,
866 3234 1035 3331 denique
1052 3231 1124 3302 ha

135 3327 502 3402 uorificentissimam
529 3329 842 3425 significationem
867 3334 964 3428 spei,
986 3351 1140 3427 ·quae,·

133 3431 207 3497 nisi
231 3429 270 3496 iu
296 3447 345 3496 eo
370 3451 467 3514 uno,
506 3426 640 3497 haberi
664 3431 704 3497 in
734 3430 889 3498 nemine
912 3429 1045 3523 possit:
1080 3428 1124 3498 in
1198 3455 1201 3461 ’

133 3521 195 3594 his
210 3521 439 3620 ipsis'verbis
460 3547 499 3592 a:
526 3526 645 3621 Quid,
670 3527 704 3592 si
726 3525 832 3593 istud
855 3522 919 3594 ad:
944 3532 1125 3620 unquam

133 3627 186 3691 sic
208 3620 376 3699 obliuio,
416 3619 585 3690 Caesaris
617 3621 763 3688 animus
794 3637 898 3690 tauta
930 3641 1017 3692 cum
1042 3635 1124 3690 arte

134 3737 239 3788 nunc
258 3713 461 3786 lortissime
481 3734 760 3814 commovetur,
787 3741 889 3789 nunc
906 3719 1141 3789 suavissime·

134 3811 289 3903 lenitur,
328 3812 603 3914 acerbioraque
628 3811 800 3885 dulcibus
825 3831 931 3886 tanta
956 3825 1044 3886 cum
1067 3835 1128 3887 sa-

134 3913 279 4006 pientie
303 3909 580 4008 temperantur,
612 3929 655 3981 ut
685 3909 865 4008 equidem
897 3910 991 3981 mibi
1015 3913 1055 3980 in
1080 3911 1126 3978 iis

134 4009 261 4105 ipsum
284 4009 416 4083 videre
443 4012 670 4084 Ciceronem
701 4006 844 4084 videar.
899 4007 978 4082 Sin·
1000 4021 1145 4076 aurem·
