2702 4548
1065 381 1106 430 11

116 553 275 643 brasias,
309 548 538 649 superfuisse
561 563 643 621 tum
666 544 915 642 iudiciorum,
950 552 992 620 in
1026 556 1110 650 qui-

115 651 184 724 bus
216 667 347 748 egerat
385 650 540 738 Cicero,
585 650 899 738 commentarios,
944 645 991 719 ab
1022 652 1107 748 ipso

114 753 283 822 Asconio
301 745 514 836 adhibitos,
549 761 635 815 acta
661 747 775 817 etiam
799 746 960 820 Senatus
986 765 1025 820 et
1048 772 1110 820 ur·

114 848 240 937 bana,
294 848 392 943 ipsas
439 867 574 916 manus
624 840 813 914 nobilium
855 848 1108 942 scriptorum,

116 968 216 1046 quae
256 967 348 1017 sane
389 961 513 1016 tantas
545 939 731 1014 obiiciunt
754 939 887 1012 ‘fraudi
919 961 958 1014 et
987 947 1111 1042 impo.

115 1063 260 1134 sntrae,
304 1041 354 1114 de
390 1065 468 1141 qua
506 1042 666 1136 agimus,
711 1037 971 1131 difficultates,
1016 1065 1111 1140 quas
1161 1033 1191 1114 s

114 1163 294 1240 superare
320 1161 471 1230 omnes,
501 1141 565 1208 vix
589 1162 735 1210 summa
758 1157 888 1235 posset
911 1136 1108 1212 industria.

114 1238 293 1330 Accedit,
337 1235 445 1338 quod
486 1259 568 1306 non
609 1237 805 1306 minimam
847 1234 991 1308 habere
1011 1265 1013 1272 ’
1034 1239 1112 1308 vim

116 1325 311 1426 existimo,
346 1337 507 1406 mutatio
533 1329 786 1429 reipublicae,
821 1357 921 1432 quae
946 1359 970 1404 a
994 1332 1113 1406 Tullii

111 1453 237 1507 morte
261 1435 418 1529 ingruit,
451 1448 602 1502 etcum
628 1452 675 1501 ea
701 1427 1006 1528 eloquentiae...
1050 1435 1113 1504 Ne

116 1527 400 1624 Quinctilianus
427 1526 584 1628 quidem
607 1545 762 1625 poterat
785 1551 872 1600 suos
894 1527 988 1600 disci
1015 1527 1111 1620 ulos,

114 1632 296 1700 Tacitum
322 1646 360 1697 et
383 1625 559 1715 Plinium,
586 1648 769 1698 revocare
795 1624 845 1696 ad
868 1553 1113 1724 splentlidam
1215 1678 1217 1684 ·

114 1723 233 1796 Tullii
258 1721 598 1821 simplicitatem...
647 1721 753 1795 Nihil
778 1741 883 1796 certe
907 1723 1030 1796 simile
1053 1723 1113 1797 his

112 1825 249 1897 nostris
294 1819 530 1894 orationibus
572 1839 709 1914 ,exstat‚
754 1846 803 1894 no
837 1845 915 1894 una
953 1821 1112 1922 quidem

113 1924 194 1992 eius
219 1922 304 1992 aevi
337 1922 478 2009 oratio,
513 1917 618 1990 unda
650 1918 801 1992 ostendi
825 1921 962 2019 possit,
997 1915 1113 1992 fuisse
1157 1958 1161 1970 »

113 2017 227 2110 alios,
282 2019 322 2088 ui
347 2019 546 2091 Ciceronis
569 2020 793 2106 imitatione,
821 2021 888 2117 qui
911 2014 1024 2090 simili
1050 2041 1113 2116 ge-

112 2134 208 2187 nere
251 2043 515 2214 lloquentiae,
587 2138 639 2204 uo
674 2113 743 2207 ille¹
776 2112 920 2205 floruit,
964 2117 1113 2189 censeri

115 2219 348 2311 cuperent,“
394 2211 441 2285 cf.
481 2211 531 2285 ad
561 2139 666 2285 laec
702 2210 885 2284 Beckium
918 2236 953 2286 v.
986 2211 1032 2286 ol.
1069 2214 1114 2282 in

116 2313 196 2384 Cic.
230 2333 318 2484 opp.
350 2309 425 2382 vol.
457 2311 521 2384 IV.
553 2334 640 2409 pag.
672 2321 743 2397 617
769 2329 808 2382 et
832 2321 914 2400 613.
969 2308 1113 2389 Plenis-

113 2412 209 2481 sime
280 2431 350 2480 aec
384 2407 562 2506 prolecto
598 2408 843 2482 Asconianae
877 2411 1115 2481 auctoritatis

113 2508 238 2579 suasio
277 2525 349 2580 est.
366 2505 429 2578 vel
489 2508 585 2578 otius
616 2509 852 2578 enumeratio
878 2529 1005 2578 rerum
1031 2530 1114 2577 om-

114 2607 239 2695 nium,
284 2601 421 2702 quibus
451 2530 517 2674 illa
543 2601 675 2676 Wolfii
704 2600 943 2678 refellantur:
986 2601 1115 2693 „illud

114 2725 167 2774 ne
198 2701 448 2798 antiquissimi
507 2698 637 2773 uidem
670 2705 833 2774 auctoris
866 2697 944 2774 fide
975 2699 1115 2772 diiudi-

117 2803 197 2874 cari
224 2816 370 2897 potest,
414 2823 465 2868 an
512 2796 593 2869 ’ber
623 2798 803 2872 Ciceroni
839 2803 966 2897 potius
998 2823 1116 2899 quam

116 2897 200 2969 aliis
232 2895 459 2968 tribuendus
489 2898 547 2968 sit.
558 2902 580 2941 “
619 2893 761 2994 (praef.
792 2921 879 2995 pag.
905 2899 979 2990 tt)
1029 2899 1116 2969 Nec
1196 2929 1199 2941 ·

114 3015 227 3086 vero,
272 3017 361 3066 cum
390 2992 456 3064 illa
485 3015 567 3065 non
597 2997 673 3066 sint
703 2997 745 3066 in
775 2997 858 3094 ipsa
876 3012 1013 3067 nostra
1038 2993 1116 3066 dis·

118 3093 337 3190 ceptatione
371 3095 605 3190 excogitata,
642 3111 793 3184 metuo,
828 3115 879 3165 ne
908 3095 980 3166 viri
1008 3089 1116 3162 docti

118 3207 264 3286 negent
288 3213 335 3262 ea
359 3187 437 3262 huc
468 3185 596 3262 afferri
628 3189 817 3282 debuisse.
871 3194 989 3279 Nam,
1019 3191 1051 3259 si
1074 3192 1117 3258 in

115 3287 177 3360 his
207 3285 496 3386 quaestionibus
527 3289 625 3360 iuste
653 3314 734 3360 non
766 3307 941 3362 auctores
965 3301 1117 3358 senten·

116 3386 256 3458 tiaru'm
287 3383 349 3457 vel
384 3402 526 3476 ortum,
562 3384 631 3458 sed
664 3389 854 3458 internam
885 3407 1016 3457 aarum
1040 3385 1117 3455 uim

118 3501 158 3555 et
188 3485 411 3582 'gravitatem
435 3483 683 3579 respicimus:
725 3481 792 3554 illa
824 3480 1028 3553 manifesto
1061 3499 1118 3554 est

115 3585 173 3654 ita
206 3597 442 3679 comparata,
482 3597 525 3650 ut
554 3577 619 3653 hio
651 3584 730 3653 eius
755 3582 857 3652 ratio
877 3579 1012 3652 haberi
1036 3604 1118 3652 non

115 3677 242 3752 solum
290 3680 411 3776 possit
460 3699 577 3776 quam
615 3681 799 3770 maxime,
827 3677 921 3751 sed
963 3676 1116 3752 debeat.

118 3776 233 3870 Quae
266 3776 405 3848 eadem
438 3797 553 3847 causa
581 3771 670 3868 fuit,
717 3799 785 3847 cur
814 3799 906 3869 nec,
946 3798 1047 3876 quaa
1076 3777 1120 3846 ia
1238 3771 1246 3778 ’

120 3893 169 3945 ea
209 3878 335 3946 minus
380 3869 431 3944 ad
471 3874 597 3972 ipsum
637 3876 863 3966 Asconium,
908 3899 1025 3974 quarn
1067 3870 1119 3943 ad
1195 3902 1203 3912 κ

120 3991 238 4043 omne
268 3969 367 4042 illud
397 3993 533 4048 aevum
567 3976 775 4071 pertinent,
818 3971 914 4044 mihi
950 3987 1119 4070 praeter·

31 4091 34 4096 ·
119 4068 253 4143 sunda
278 4067 487 4143 ducerem:
519 4073 684 4172 quippe,
716 4073 749 4145 si
771 4067 870 4144 nihil
894 4065 1014 4160 atiud,
1043 4061 1119 4136 hoo
