2702 4548
1055 335 1100 430 ⁴l¹

13 561 14 564 =
115 517 203 602 ista,
225 507 711 610 »sicutiordinecapitum
735 513 991 612 praebentur,
1026 515 1104 602 huc
1139 535 1143 544 '

12 673 13 678 ,
116 609 319 683 afferemus
359 627 480 716 atque¹
511 613 592 702 lta,
644 608 770 710 qualia
818 616 914 705 sint,
957 621 1104 690 exami-

12 757 13 762 κ
113 707 303 781 nabimus.

212 809 364 878 Initium
395 767 484 876 vero
516 801 564 876 ab
595 803 652 878 bis
676 805 742 879 fiat
767 780 859 908 Cap.
883 808 946 880 111.
973 821 1007 904 3.
1032 813 1103 898 aci·

11 940 13 944 ·
116 909 331 980 versarium,
352 901 581 982 nobilitate,
607 907 793 1002 ingenio,
819 909 970 978 ‘uirtute
989 916 1104 1005 prae-

11 1049 13 1076 :
114 1017 313 1080 stantem,
361 1025 442 1072 non
488 1003 603 1071 modo
648 1002 839 1074 extollere
877 1008 1103 1086 iacentem,

114 1098 188 1168 sed
213 1102 332 1166 etiam
361 1095 603 1194 amplificare
636 1103 716 1170 eius
741 1103 950 1196 pristinam
973 1101 1104 1200 digni-

116 1210 263 1272 tarem,
299 1195 398 1265 liaeo
423 1189 779 1292 quifaciot,‘non
803 1223 876 1295 ego
902 1223 991 1268 eom
1016 1223 1105 1268 cum
1158 1218 1175 1260 ·‘

115 1295 270 1362 summis
294 1296 393 1361 uiris
420 1318 625 1388 comparo,
659 1295 727 1365 secl
756 1289 996 1366 simillimum
1026 1296 1102 1366 deo

114 1389 257 1463 indico.
291 1387 566 1486 „amplificare
598 1396 678 1462 eius
699 1394 908 1484 pristinam
932 1393 1105 1492 dignita-

113 1499 210 1578 tem,
244 1483 438 1562 dumtaxat
468 1512 527 1556 am
557 1483 759 1560 lificandae
791 1485 955 1585 periodo
987 1493 1104 1560 inser-

112 1583 183 1650 vit:
222 1585 364 1681 qnippe
407 1581 499 1655 nibil
530 1513 671 1682 legitur
703 1611 725 1656 a
757 1587 918 1660 Caesare
958 1581 1104 1666 factum

113 1676 313 1753 attollendi
340 1681 512 1754 Marcelli
538 1708 667 1768 causa3
704 1701 742 1754 et
770 1687 803 1754 si
835 1680 929 1781 quid
958 1679 1104 1756 factum

114 1795 230 1866 esset,
263 1775 450 1874 legeretur
474 1778 576 1850 haud
602 1778 718 1852 dubie
747 1781 786 1850 in
817 1779 891 1851 hac
914 1783 996 1877 ipsa
1021 1805 1104 1852 ora·
1208 1800 1214 1815 ·

112 1875 267 1949 tione.“.
297 1877 354 1950 Ad
382 1900 481 1974 quae
506 1873 716 1951 refellenda
740 1875 876 1950 frustra
900 1877 998 1950 haec
1020 1876 1103 1948 lau-

54 1979 61 1985 '
115 1969 227 2043 dant:
251 1970 401 2059 (lamna.
422 1975 481 2066 Vl,
502 1977 556 2072 6.)
584 1973 826 2046 Marcellum
845 1971 932 2056 edm
950 2000 1104 2045 summa

113 2069 220 2142 illius
244 2071 441 2170 dignitate
466 2076 646 2146 restituit.
704 2075 792 2144 Hoc
824 2075 925 2146 enim
955 2096 1026 2170 pro
1058 2070 1103 2141 il-

113 2163 159 2236 lis
195 2167 427 2265 temporibus
464 2187 502 2242 et
539 2168 733 2241 Ciceronis
769 2193 877 2240 more
912 2165 1104 2268 loquendi

38 2331 40 2344 ,
114 2263 217 2336 idem
251 2284 306 2338 est
339 2292 384 2340 ac
415 2270 469 2338 sio
497 2271 688 2346 restituit,
733 2282 780 2338 uc
807 2267 912 2336 nihil
940 2293 985 2337 ιη
1014 2290 1103 2335 eum

114 2365 312 2462 indignius
321 2363 505 2458 ,facerem
525 2387 593 2434 seu
611 2361 717 2462 quod
734 2364 774 2435 in
797 2361 955 2462 epistola
972 2359 1102 2434 lamm.

113 2459 176 2548 lv,
203 2479 236 2542 Δ.
261 2457 437 2556 legimus:
462 2465 517 2532 sic
542 2466 807 2552 restitnitint
824 2477 914 2561 post
938 2460 1010 2530 hos
1034 2463 1104 2529 mi-

112 2560 230 2627 serias
256 2557 359 2628 nihil
379 2576 514 2628 actum
540 2563 592 2630 sic
615 2562 709 2656 pori
738 2559 945 2660 (lignitate.
998 2557 1103 2649 Quin

114 2651 178 2726 ille
203 2657 284 2751 ipse
307 2653 415 2730 locus
442 2680 556 2752 quam
585 2658 750 2726 maxime
779 2652 919 2726 stabilit
949 2672 1102 2726 senten-

114 2755 204 2822 tiam
238 2750 385 2840 Wolfii‚
421 2776 504 2826 cum
538 2749 674 2824 Cicero
705 2756 746 2826 in
779 2775 844 2844 eo,
877 2749 927 2824 de
955 2775 1103 2834 summa

115 2850 285 2920 Caesaris
329 2848 531 2922 clementia
595 2847 822 2941 asscribens,
867 2852 945 2924 eius
985 2848 1104 2924 docu-

113 2949 250 3018 menta
289 2939 447 3022 munera
493 2875 624 3018 laudet
671 2944 789 3017 tribus
836 2945 1109 3044 Pompeianis,

114 3045 245 3134 Bruto,
287 3048 435 3132 Cassio,
477 3043 647 3142 Sulpicio
684 3043 837 3135 tradita,
878 3043 1104 3117 Marcellum

114 3164 204 3211 vero
246 3139 523 3215 distinctissime
560 3166 640 3213 non
674 3145 823 3226 muneri
853 3140 966 3214 alicui
995 3164 1106 3239 prae·

115 3240 296 3335 positum,
329 3237 416 3330 sed,
451 3238 555 3337 quod
587 3239 691 3312 idem
717 3244 907 3338 egregiam
930 3241 1002 3311 viri
1028 3235 1105 3310 cle·

52 3405 54 3412 ,
114 3337 298 3408 mentiatn
322 3335 512 3432 probavit,
537 3339 758 3434 dignissime
777 3339 1000 3406 restitutum
1026 3359 1105 3406 esse

116 3432 229 3507 dicat.
289 3436 373 3505 Nec
398 3452 532 3506 'tamen
567 3451 667 3530 post·
696 3431 807 3521 baec,
847 3432 1026 3504 nimirum
1062 3433 1105 3504 in

116 3529 303 3604 eiusmodi
328 3534 568 3630 quaestione,
599 3527 665 3600 illa
695 3527 848 3602 silentio
880 3525 971 3600 licet
995 3553 1105 3628 prae-

114 3630 229 3698 terire
258 3627 437 3700 Weiskii:
492 3626 655 3718 „Credo
678 3650 770 3722 ego,
802 3627 1003 3698 Caesarem
1033 3644 1106 3699 sta·

114 3727 181 3796 tim
217 3729 500 3823 pronuntiasse,
541 3728 603 3796 cui
637 3720 719 3796 lere
755 3726 911 3821 negotio
946 3721 1106 3798 Marcel·

113 3819 192 3892 lum
216 3821 428 3920 praeficere
452 3819 582 3908 vellet3
619 3819 782 3894 voluisse
814 3839 940 3892 autem
973 3827 1010 3896 ei
1038 3845 1106 3896 ne-
1217 3837 1219 3840 ’

115 3922 219 4014 gotia
244 3923 435 4018 quaedam
453 3917 698 4007 demandare,
717 3921 749 3990 si
767 3921 888 3992 minus
915 3937 1021 3994 extra
1045 3943 1107 3992 ur·

114 4015 203 4088 bem
241 4015 426 4115 gerenda;
472 4036 510 4090 at
545 4037 664 4107 certe,
709 4016 845 4118 quibus
882 4013 988 4088 abuti
1024 4039 1111 4120 non,
