2730 4524
246 323 294 402 rt

244 498 355 581 sicuti
382 507 543 604 Harusp.
574 527 671 603 resp.
704 503 822 577 c.v1.
848 500 1021 602 legimus:
1057 505 1226 600 populus

244 608 464 684 Romanus,
491 605 599 673 cuius
615 619 674 674 est
688 625 838 671 summa
851 614 1025 699 potestus
1049 606 1229 671 omnium

244 726 384 771 rerum.
433 701 572 796 Neque
595 698 667 772 hoc
685 697 788 768 facto
806 700 846 767 in
865 717 993 770 nostro
1012 696 1101 768 loeo
1122 700 1227 794 quic-

246 821 360 894 quam
384 793 445 866 rel
471 795 656 868 Cicerone
680 793 894 890 indignum,
919 793 981 867 vel
997 797 1151 866 Caesari
1169 797 1226 865 in-

243 891 446 964 tolerabile
471 892 602 964 audita
625 891 757 979 video,
784 890 853 961 sed
878 891 928 962 de
952 877 1029 962 hoo
1049 878 1225 962 Wormio

244 991 443 1061 assentior:
480 988 673 1080 „Multum
703 987 860 1086 quidem
893 990 1046 1060 Caesari
1075 986 1224 1074 tribuit,

242 1111 323 1158 non
349 1102 476 1156 tamen
499 1083 597 1156 ultra
620 1085 677 1173 id,
704 1082 810 1182 quod
835 1108 894 1157 res
914 1104 1009 1175 erat,
1023 1101 1101 1154 aut
1119 1084 1226 1181 quod

237 1177 599 1280 Marcelloscripsit
624 1183 707 1276 (IV,
734 1183 808 1276 7.):
842 1184 923 1255 Sed
946 1201 1033 1251 cum
1057 1185 1116 1250 ita
1141 1182 1226 1252 late

140 1325 142 1330 ,
238 1295 383 1375 pateat
406 1281 488 1348 eius
508 1296 695 1377 potestas,
722 1301 836 1374 quem
854 1295 1052 1356 veremun-
1078 1295 1123 1345 ut
1146 1293 1226 1348 ter-

242 1391 377 1446 rarum
403 1374 760 1480 orbempcomplexa
778 1379 830 1444 sit
851 1427 909 1446 ...
939 1391 1008 1444 aut·
1023 1371 1129 1471 quod
1148 1372 1226 1452 dio·

242 1475 355 1542 taturi
387 1473 478 1571 ipsi,
517 1473 616 1541 intra
648 1469 876 1541 domesticos
906 1473 1084 1568 parietes,
1105 1469 1225 1539 *nulla

241 1570 387 1638 aurium
410 1572 622 1638 reverentia
648 1565 848 1658 cohibitus,
874 1571 915 1638 in
942 1589 985 1638 os
1013 1565 1107 1636 dixit
1131 1564 1226 1659 (De-
1290 1617 1296 1630 -

241 1666 308 1737 iot.
334 1671 405 1756 5.):
452 1664 567 1736 Cuius
590 1681 733 1734 tantae
755 1665 1002 1760 ferocitatis,
1033 1669 1225 1734 uictorem

242 1761 346 1830 orbis
375 1777 573 1831 terrarum
602 1785 691 1858 non*
716 1764 982 1832 extimescere.
1007 1777 1010 1785 '
1042 1759 1118 1833 Sed
1148 1759 1225 1832 hoo

195 1899 197 1906 ·
243 1847 339 1927 dixit
362 1859 404 1926 in
427 1855 579 1930 Senatu.
629 1855 765 1929 Audio.
814 1855 892 1928 Sed
921 1860 961 1928 in
993 1879 1040 1928 eo
1073 1875 1223 1946 senatu,

243 1955 309 2050 qui
339 1954 492 2024 Caesari
523 1967 626 2042 ante,
673 1970 787 2051 quam
819 1976 867 2025 ex
902 1953 1030 2027 Africa
1065 1955 1225 2024 Romam

240 2049 429 2139 rediisset,
454 2067 579 2122 tantos
603 2050 766 2122 honores
792 2067 830 2121 et
848 2049 1033 2148 ampliora
1056 2049 1224 2122 humano

239 2140 389 2244 fastigio
416 2143 652 2219 decreverat:
679 2147 774 2237 (Diu
800 2150 900 2219 Cass.
920 2149 1135 2236 Kallias,
1167 2171 1221 2235 19.

241 2243 343 2314 Suet.
372 2244 478 2316 Gaes.
506 2249 602 2335 76.);
642 2247 709 2342 qui
732 2242 828 2315 hora
853 2243 989 2326 eadem
1014 2244 1062 2314 ad
1087 2247 1225 2316 Gaesa-

241 2357 323 2410 rem
347 2331 508 2437 supplex
533 2359 619 2410 cum
643 2339 815 2433 lacrymis
842 2355 1070 2428 accesserat;
1117 2359 1154 2414 et
1182 2346 1224 2414 in

242 2459 321 2534 quo
338 2438 380 2510 C.
396 2434 597 2509 Marcellus
617 2459 658 2508 se
679 2437 728 2507 ad
742 2440 911 2509 Caesaris
929 2438 1049 2536 pedes
1071 2437 1224 2511 obiece-

239 2532 327 2603 rat’'
348 2551 419 2607 cet.
457 2532 542 2620 Sed,
562 2533 669 2633 quod
687 2536 890 2605 maximum
912 2554 977 2625 est,
999 2532 1223 2606 admodum

218 2627 307 2702 'illa
332 2647 462 2703 rerum
486 2636 662 2702 omnium
686 2643 837 2729 prorsus
856 2637 1053 2730 nequeunt
1077 2631 1222 2705 ieierri.

238 2729 339 2800 Nam
362 2729 437 2799 nee
462 2729 602 2800 Caesar
626 2751 674 2801 eo
699 2741 778 2799 uno
805 2728 869 2799 die
897 2733 1021 2826 potuit
1049 2728 1223 2802 omnibus

238 2827 279 2895 in
303 2821 415 2896 rebus
439 2822 743 2897 moderationem
766 2841 975 2922 praestare,
994 2835 1076 2898 'uec
1095 2821 1222 2897 decla·

238 2938 366 2991 mator
389 2919 535 3012 dicere,
567 2940 609 2992 se
638 2945 738 3010 eam,
773 2945 847 3020 qua
881 2925 1018 2994 Caesar
1047 2934 1140 2994 tu'uc
1163 2946 1224 2995 so-

238 3015 334 3088 leret
369 3019 446 3107 uti,
486 3016 789 3092 moderationem
818 3043 898 3089 non
923 3035 1048 3116 posse
1071 3017 1221 3091 silentio

239 3115 467 3212 praeterir03
494 3117 600 3212 quia,
626 3118 658 3186 si
681 3114 759 3186 hoo
783 3112 952 3205 dixisset,
974 3131 1058 3188 'uon
1084 3123 1223 3214 potuis·

239 3229 296 3284 set
319 3213 404 3309 ipse
426 3208 621 3301 diuturno,
649 3235 727 3312 quo
751 3231 792 3283 se
816 3237 924 3284 usum
950 3237 1029 3286 esse
1056 3236 1222 3286 comme·

237 3327 381 3397 morat,
408 3307 557 3382 silentio
583 3312 649 3382 uti.

209 3465 212 3471 .
334 3403 368 3503 ἕ.
396 3431 429 3476 a.
470 3409 529 3480 M.
557 3413 661 3479 enim
687 3407 884 3480 Marcello
998 3413 1222 3479 restitutam

234 3515 351 3599 puto)
384 3502 571 3594 „verbum
597 3521 695 3602 puto
725 3503 833 3576 haud
863 3496 1026 3598 feliciter
1057 3495 1223 3578 electum

237 3595 403 3689 videtur,
429 3599 628 3699 multoque
652 3606 774 3700 aptius
799 3601 966 3674 futurum
997 3601 1112 3674 irrisae
1136 3625 1221 3672 sen·

137 3761 138 3768 ,
237 3699 295 3768 tio
330 3709 395 3767 aut
426 3699 619 3796 intelligo.
687 3697 804 3796 Quod
845 3704 947 3772 enim
973 3699 1030 3792 'de
1066 3700 1221 3796 propria

236 3810 336 3864 tace
376 3807 417 3864 et
438 3791 679 3868 'auctoritate
715 3797 869 3885 dieitur,
913 3796 953 3868 id
984 3794 1098 3894 plane
1128 3800 1222 3867 eius·

238 3889 345 3961 modi
382 3907 455 3979 est,
491 3909 535 3962 ut
569 3894 609 3962 in
645 3917 693 3964 eo
729 3914 809 3964 non
844 3896 977 3988 opinio
1012 3893 1219 3991 quaedam,

238 3987 310 4060 sed
336 4005 439 4060 certa
461 3991 672 4086 persuasio,
710 3987 783 4060 sed·
805 4005 925 4062 certus
951 3994 1067 4062 animi
1091 4002 1221 4062 sensus

41 4087 45 4094 ’
150 4187 915 4470 rm
