2702 4548
269 331 294 411 8

274 511 341 683 (liat
363 517 405 668 gn
433 513 508 588 hac
541 517 765 618 quaestione
795 537 910 616 posse
940 519 1149 618 quicquam
1185 541 1294 617 pro-

303 637 375 686 an.

369 696 512 784 Verum
554 732 605 800 ne
646 712 676 782 ii
717 709 895 811 quidem,
939 716 1030 812 qui,
1074 709 1290 786 faciliores

275 833 389 908 quam
413 833 502 900 nos,
533 807 630 880 illud
657 833 844 906 accepere
870 813 1148 898 testimonium,
1187 835 1290 882 ora-

272 911 419 979 tionem
451 931 499 980 eo
536 924 751 1003 suspectam
788 904 1019 992 habuerunt;
1070 910 1124 978 uti
1155 906 1291 980 Wor-

245 1007 369 1090 ¹r'nius
400 1003 499 1076 haec
527 1007 765 1106 pronuntiat:
806 1005 912 1103 (pag.
947 1006 1036 1102 23.).
1079 1005 1163 1095 „Ex
1197 1003 1287 1077 alio

271 1124 424 1199 prorsus
447 1123 587 1198 genere
613 1118 693 1172 erat
717 1105 840 1173 oratio
893 1127 936 1172 ro
958 1105 1134 1194 Ligario,
1154 1127 1288 1200 quarn

273 1201 479 1294 gratiarum
514 1201 615 1271 actio
640 1201 843 1297 pro'Marc
866 1128 933 1271 lio.
989 1197 1059 1270 Illa
1088 1197 1286 1272 habenda

274 1313 355 1367 erat
379 1299 418 1383 in
437 1292 536 1388 foro,
562 1295 630 1389 ubi
654 1295 888 1368 domicilium
908 1313 989 1367 erat
1010 1294 1282 1396 eloquentiae,

271 1391 509 1480 ubiCicero
539 1394 742 1493 regnabat,
788 1398 854 1500 qui
891 1393 939 1464 ad
976 1396 1168 1484 Ligarium
1211 1396 1283 1467 de-

271 1487 512 1564 fendendum
566 1495 790 1563 eratissimus
814 1490 1015 1578 veniebat3
1042 1495 1095 1561 ita
1120 1509 1163 1561 ut
1188 1517 1281 1564 ver-

272 1586 411 1662 borum
434 1519 733 1676 illoslronores,
767 1589 920 1688 quibus,
951 1592 993 1659 in
1017 1590 1177 1676 Senatu,
1212 1616 1280 1661 su.

273 1683 374 1780 bito,
420 1687 624 1759 Caesarem
668 1703 749 1756 erat
786 1705 1027 1784 prosecutuS,
1074 1686 1122 1757 ad
1166 1685 1279 1760 illam

273 1807 345 1888 pro
370 1783 521 1880 Ligario
549 1787 853 1873 contentionem,
889 1785 1030 1856 Caesar
1058 1809 1131 1882 pro
1160 1786 1279 1856 nulla

274 1884 458 1951 oracione
483 1881 630 1952 habere
654 1898 759 1952 recte
778 1883 981 1980 potuerit.“
1008 1898 1045 1952 et
1071 1887 1168 1979 (pag.
1197 1887 1278 1978 21.)

276 1982 542 2052 consentiente
560 1977 728 2050 Weiskio
756 1984 851 2077 (pag
880 1991 948 2068 48„
964 1970 1002 2052 dt
1024 1983 1104 2071 54.)
1130 1977 1277 2069 „facile

274 2073 505 2174 intelligitur,
534 2076 773 2166 Ciceronem,
809 2079 974 2176 quaein
1001 2076 1144 2148 Senatu
1169 2102 1276 2174 pres-

274 2176 350 2263 sius
371 2169 426 2245 ¹et
459 2199 506 2245 ex
541 2191 714 2272 tempore
751 2173 914 2264 dixerat,
960 2171 1065 2244 domi
1102 2179 1276 2272 potuisse

273 2269 480 2342 scribendo
523 2272 779 2371 ornandoq'ue
823 2269 1094 2371 amplificare.“
1158 2271 1275 2365 Quae

276 2367 357 2440 aliis
382 2365 540 2441 forsitan
563 2367 670 2442 haud
689 2368 933 2467 displiceant;
958 2367 1052 2462 mihi
1075 2367 1138 2439 vel
1156 2393 1274 2468 prop-

109 2549 110 2556 ,
265 2482 334 2536 ter
358 2464 432 2539 alia
455 2464 581 2569 plura,
617 2467 667 2538 de
694 2467 829 2566 quibus
860 2486 995 2566 postea
1026 2463 1180 2566 loquar,
1211 2467 1274 2542 vel

167 2639 169 2642 ,
274 2561 422 2642 idcirco
466 2589 547 2640 non
588 2563 824 2663 probantur,
897 2565 977 2636 uod
1019 2587 1067 2636 ex
1112 2564 1273 2662 epistola

274 2659 404 2735 iamm.
430 2661 492 2752 IV,
519 2673 552 2748 4.
605 2663 835 2736 Ciceronem
870 2592 938 2734 illo
973 2659 1037 2732 die
1067 2665 1108 2731 in
1140 2681 1275 2735 senatu

274 2783 525 2864 nequaquam
561 2757 727 2834 breviter
771 2759 908 2832 dixisse
951 2761 1273 2858 persuasissimum

275 2853 415 2930 habeo.
475 2856 551 2932 Sed
586 2862 746 2931 minime
784 2861 955 2931 omnium
989 2856 1088 2928 haec
1118 2856 1273 2955 placent

275 2953 440 3026 Weiskii
475 2960 582 3053 (pag.
609 2953 655 3043 4'9
687 2974 725 3028 et
748 2963 851 3047 50.);
904 2951 1131 3047 „Manifesto
1162 2959 1272 3054 signi·

253 3048 404 3123 -ficatit
434 3052 592 3143 Caesar,
625 3077 650 3122 a
679 3072 738 3125 sat
769 3052 887 3149 longo
918 3072 1110 3150 tempore,
1146 3078 1270 3152 aquo

244 3191 246 3196 ·
275 3145 422 3226 scilicet
445 3151 528 3246 ipse
551 3146 677 3223 fuerat
710 3149 903 3248 profectus
934 3154 976 3220 in
1006 3148 1188 3242 Galliam,
1229 3175 1272 3224 se

274 3272 357 3319 non
388 3245 576 3320 audivisse
608 3248 841 3343 Ciceronem
867 3245 941 3348 pro
968 3274 1035 3320 reo
1068 3247 1268 3324 dicentem.

272 3347 375 3435 Nam
399 3351 440 3418 in
456 3364 592 3422 senatu
611 3346 719 3447 quod
736 3345 1145 3437 sententiam‘dixerat,
1165 3371 1271 3443 prae-

275 3445 389 3518 missa
415 3443 464 3521 de
489 3441 867 3519 restituto'Marcello
885 3447 1090 3544 gratiarum
1109 3448 1269 3539 actione,

274 3541 316 3610 in
344 3563 391 3618 eo
416 3567 498 3614 non
530 3542 760 3620 adhibuerat
785 3567 942 3617 omnem
967 3561 1087 3613 artem
1119 3559 1156 3614 et
1180 3565 1271 3614 con-

275 3639 490 3708 tentionem
534 3643 710 3715 oratoris:
776 3642 854 3718 Sed
895 3641 1079 3740 quoniam
1120 3664 1167 3710 ex
1205 3638 1270 3712 illa

277 3731 566 3834 epistolarem.
591 3741 656 3834 IV,
675 3752 709 3826 4.
736 3736 923 3814 credibile
949 3754 1135 3828 est„eum
1160 3739 1270 3809 etiam

275 3847 358 3902 tum
373 3835 543 3932 ¹copiose
568 3855 607 3908 et
631 3842 799 3912 oratorie
821 3835 978 3929 dixisse,
1003 3859 1085 3906 non
1110 3834 1269 3909 absurde

278 3929 480 4026 coniicias,
510 3930 576 4003 illa
602 3939 776 4008 oratione
802 3935 1005 4006 Caesarem
1028 3931 1145 4006 fuisse
1170 3955 1268 4006 corn«

167 4091 179 4116 ,
277 4045 441 4125 motum,
484 4047 537 4106 ut,
566 4033 681 4110 etiam
709 4059 783 4134 pro
813 4059 882 4106 reo
916 4029 1109 4106 dicentem
1141 4029 1268 4104 audire
