2702 4548
232 276 281 356 24

333 461 405 554 „Et
429 483 480 532 ne
497 467 683 532 'ausurum
708 457 865 559 quidem
891 454 1243 532 arbitror‘Ginero·
1336 463 1337 466 ’

236 579 346 646 nem,
384 577 462 630 tam
493 557 694 630 demissam
733 583 803 658 pro
841 557 964 654 rigido
997 559 1245 652 Pompeiano

236 659 453 756 veterisque
484 655 644 755 reipubl.
676 675 791 728 status
825 654 1047 746 defensore,
1072 655 1245 726 ,Caesari

217 756 349 838 'etiam
377 757 589 854 iniquiore,
627 757 702 854 ipsi
733 756 970 848 ostendere3¹
991 757 1023 826 si
1055 751 1157 825 bene
1182 755 1248 826 in·

234 850 383 945 tellexi,
413 877 528 952 quam
555 872 667 924 caute
692 851 904 951 timideque
931 849 1041 922 aliter
1070 853 1245 924 sentien·
1336 915 1337 940 ,

234 967 313 1044 tem
338 973 413 1022 nec
439 953 639 1047 potentiae
669 973 778 1021 more
809 953 1068 1023 Ciceroniano
1099 945 1247 1020 ceden-

234 1065 313 1120 tem
359 1047 555 1122 adoriatur
592 1050 642 1118 in
687 1049 767 1118 istis
815 1045 985 1146 epistolis
1030 1043 1243 1119 consularis
1321 1105 1324 1114 .

234 1163 367 1220 noster
411 1140 512 1218 conf.
557 1143 651 1216 mihi
695 1142 827 1218 Famil.
865 1157 914 1235 4,Ι
943 1171 977 1232 7.
1021 1146 1143 1215 initio.
1165 1197 1175 1217 .
1197 1199 1241 1218 ..

235 1245 322 1318 Nec
352 1265 445 1315 vero
476 1259 582 1340 post·
602 1261 768 1315 mortem
788 1240 978 1315 *Marcelli
1014 1240 1078 1313 edi
1114 1243 1242 1312 oratio

218 1337 464 1416 ⁴demerendi
500 1341 676 1413 Caesaris
718 1364 830 1412 causa
867 1342 1002 1440 potuit.
1070 1339 1245 1410 Fuerunt

236 1443 338 1516 enim
367 1456 451 1512 tum
479 1436 656 1531 vulgatae
686 1440 883 1510 orationes
912 1461 983 1536 pro
1014 1438 1167 1532 Ligario
1201 1454 1244 1508 et

233 1536 446 1626 Deiotaro,
485 1534 623 1635 quibus
659 1539 749 1608 satis
784 1558 977 1634 superque
1008 1529 1243 1632 gratificatus

236 1625 318 1710 e'rat
340 1636 422 1706 viro
448 1629 690 1705 fortissimo.“
720 1628 870 1730 (Spald.
888 1657 980 1730 pag.
1007 1643 1067 1722 8¹·
1094 1649 1133 1704 et
1157 1634 1243 1726 83.)

234 1731 300 1820 At,
331 1732 363 1802 si
388 1729 583 1821 concedo,
616 1731 846 1801 Ciceronem
873 1753 953 1802 non
980 1754 1113 1826 ausum
1138 1752 1242 1818 esse,

170 1851 175 1864 ¹
233 1825 337 1903 hanc
362 1830 580 1900 orationem
612 1829 685 1925 ipsi
714 1825 901 1903 Marcello
933 1831 1085 1900 mittere
1118 1845 1157 1898 et
1185 1825 1244 1898 le-

234 1919 400 2024 gendam
426 1923 604 2020 suadere:
637 1949 705 1998 cur
729 1947 816 1998 earn
842 1929 1000 1999 omnino
1028 1923 1145 1998 edere
1169 1921 1242 1996 illo
1336 1967 1337 1984 t

233 2047 321 2096 vivo
346 2023 525 2116 noluerit,
551 2046 846 2124 nonassequor.
896 2023 947 2098 Ut
964 2025 1067 2096 enim
1088 2041 1244 2094 taceam
1336 2009 1337 2070 i

233 2125 415 2221 scriptam
453 2141 503 2207 et,
528 2119 687 2210 editam·
711 2124 923 2196 orationem
959 2145 1045 2219 pro¹
1063 2123 1242 2219 Ligari0,

234 2245 364 2319 quem,
393 2222 563 2318 quamvis
595 2223 677 2320 ipse
706 2217 864 2292 volebat
892 2219 1057 2308 restitui,
1088 2217 1139 2290 de
1167 2219 1245 2290 ista

232 2315 463 2415 indignitate
487 2342 568 2388 non
598 2315 762 2394 arbitror
785 2315 907 2394 multo
938 2314 1051 2388 aliter
1077 2317 1243 2389 sensisse

65 2411 95 2476 J
127 2436 130 2442 ’
196 2439 199 2442 ·
234 2439 283 2494 ac
307 2412 551 2506 Marcellum,
582 2413 652 2492 sed
685 2415 735 2486 de
764 2418 845 2514 ipsa
870 2413 943 2486 hac
969 2411 1122 2487 edenda
1147 2437 1243 2488 con·

231 2511 398 2590 sularent
429 2531 602 2590 nostrum
631 2513 726 2612 pu'to
760 2517 816 2586 sic
845 2509 928 2585 fere
965 2533 1097 2604 secum
1136 2512 1242 2608 cogi-

231 2628 341 2684 tasse.
390 2607 633 2702 Marcellum,
667 2609 762 2709 quid
792 2613 833 2685 in
865 2610 941 2684 hac
966 2611 1142 2682 oratione
1168 2634 1241 2706 pu-

232 2707 377 2786 blicata
419 2706 620 2783 offendere
657 2709 793 2807 possit,
831 2733 913 2780 non
949 2705 1077 2780 video.
1120 2709 1241 2802 ‚Nam

231 2808 298 2896 iis,
334 2809 401 2905 qui
426 2793 532 2880 nirnc
555 2810 703 2900 vivunt,
729 2830 810 2880 non
835 2808 1080 2882 innotescere
1107 2803 1156 2878 de
1180 2807 1239 2972 ip

217 2905 308 2984 ‘sius
333 2906 588 2999 restitutione,
620 2907 678 2978 vir
707 2904 1021 3004 prudentissimus
1052 2925 1105 2976 ne
1134 2926 1184 2977 vo
1202 2921 1241 2974 et

234 3000 416 3117 quidem3-
453 3021 518 3076 aut
548 3005 652 3078 enim
670 3005 759 3077 'iam
790 3005 974 3092 innotuit,
1016 3019 1083 3074 aut
1108 3002 1240 3075 certis-

232 3121 329 3174 sime
352 3100 581 3174 innotescet.
630 3102 780 3174 Posteri
803 3123 895 3174 vero
928 3097 979 3172 de
1005 3122 1053 3180 ea
1085 3117 1150 3174 aut
1175 3121 1240 3172 ac·
1284 3137 1286 3144 v

234 3199 381 3296 cipient
423 3199 538 3272 etiarn
586 3194 759 3273 aliunde:
809 3214 904 3270 tunc
945 3215 1073 3270 autem
1113 3199 1240 3269 oratio

139 3356 141 3370 .
231 3320 337 3387 mea,
376 3297 522 3396 quippe
548 3319 626 3396 qua
650 3293 748 3370 nihil
778 3297 870 3369 novi
894 3293 1097 3396 prodatur,
1118 3297 1241 3368 ¹omni

234 3410 340 3470 caret
363 3397 663 3494 vituperatione3
701 3410 782 3484 aut,
815 3396 889 3468 nisi
915 3415 961 3465 ea
985 3390 1104 3466 literis
1129 3416 1241 3466 man·

233 3487 341 3582 data,
366 3515 448 3567 non
474 3495 683 3592 accipient:
715 3489 786 3564 sed
810 3515 862 3570 no
886 3509 980 3566 tuuc
1006 3490 1181 3589 quidem,
1199 3491 1241 3565 si

232 3586 396 3678 mando,
438 3608 509 3681 est,
549 3586 658 3690 quod
688 3588 742 3663 inv
762 3611 826 3662 me
863 3587 930 3666 illa
965 3586 1239 3686 reprehendat.

231 3685 414 3785 Namque
455 3690 579 3786 ipsam
616 3687 895 3783 restitutionem
931 3687 968 3760 ei
1003 3709 1084 3763 non
1117 3689 1241 3760 risam

233 3806 317 3858 esse
348 3781 644 3868 intolerabiliter
674 3782 890 3884 indignam,
934 3781 1027 3858 hinc
1060 3782 1240 3881 intelligi·-

231 3897 311 3970 tur,
356 3879 466 3981 quod
490 3885 653 3982 accepit3
698 3885 885 3982 quivero
914 3907 994 3957 non
1026 3881 1153 3962 timuit
1175 3904 1239 3956 ae-

232 3976 420 4085 qualium·
435 3983 478 4055 in
509 3979 587 4056 hoc
618 3977 969 4058 animadversiones
1002 3979 1065 4058 vel
1095 3983 1238 4078 cogita·
