2702 4548
138 1402 969 1572 ·*“nucT0n1sos

249 1649 253 1656 '
496 1652 659 1733 1³³8.

216 2056 301 2138 uod
336 2057 418 2138 fere
459 2053 640 2138 accidere
677 2056 799 2154 solet,
841 2061 876 2137 si
908 2061 997 2166 'quis
1027 2056 1132 2138 vide

130 2201 313 2263 turrem
345 2189 425 2261 suis
465 2174 610 2262 vitibus
650 2188 844 2261 maiorem
883 2188 1129 2290 suscepisse,

129 2291 176 2386 nt
215 2297 266 2385 de
298 2331 347 2384 eo
379 2311 554 2416 iniquius
591 2305 902 2413 praeiudicetuc:
948 2304 989 2385 id
1027 2335 1130 2387 non·

127 2446 531 2540 nunquam'vereor,
571 2458 624 2510 ne
654 2435 696 2510 in
726 2430 802 2510 hac
832 2457 875 2509 re
905 2429 1002 2510 milti
1027 2437 1129 2512 acci·

128 2550 209 2634 dat.
280 2555 389 2634 Nem
421 2573 529 2635 certo
561 2556 697 2654 multi,
741 2554 858 2635 huius
887 2552 1005 2634 libelli
1036 2562 1127 2634 titu-

125 2677 212 2756 lum
242 2675 438 2786 legentes,
472 2677 602 2788 quod,
635 2685 677 2759 in
710 2707 794 2787 quo
827 2677 924 2758 tales
950 2704 997 2758 ac
1025 2686 1126 2763 tanti
1233 2679 1235 2684 ’

124 2807 197 2881 viri
227 2800 486 2902 elaborarint,
525 2801 685 2901 wolfe,
718 2802 952 2912 Spaldingii‚
993 2804 1125 2883 Weis-

124 2925 196 3023 kii,
236 2931 279 3005 in
309 2925 403 3034 hoc
420 2953 495 3037 ego
528 2950 649 3007 ausus
680 2933 756 3007 sim
786 2933 926 3011 virium
959 2925 1125 3037 aliquod

124 3051 349 3158 periculum
393 3049 546 3150 facere,
605 3049 837 3133 adolescens
891 3049 1000 3131 nullo
1047 3079 1122 3131 no-
1224 3140 1225 3144 Ἴ

124 3167 257 3292 mine,'
304 3203 397 3254 cum
435 3173 732 3284 improbatione
778 3174 958 3287 quadani
997 3169 1123 3276 mire

124 3293 294 3394 buntur,
348 3297 408 3375 vel
446 3307 565 3383 etiam
605 3305 771 3408 graviter
809 3299 1122 3406 reprehendent,

1 3471 3 3494 .
124 3423 245 3529 quasi
280 3418 434 3527 factum
475 3429 737 3529 arrogantius,
817 3419 1018 3503 Nimirum
1047 3421 1121 3502 has

35 3625 38 3628 .
124 3543 450 3652 disceptationes,
485 3546 731 3652 singulariter
753 3545 964 3654 impeditas
988 3566 1030 3626 et
1051 3545 1122 3650 dil-

122 3667 264 3766 ficiles,
312 3696 397 3748 non
429 3673 549 3772 cnivis
576 3663 654 3750 uni
683 3667 910 3763 adeundas,
958 3671 1030 3750 sed
1061 3699 1122 3774 re·

122 3789 359 3900 loquendas
388 3809 488 3874 'esse
525 3798 615 3872 viris
650 3791 816 3892 talibus,
864 3793 1001 3905 quales
1032 3794 1120 3900 illos

124 3913 426 4018 deveneram,
474 3917 659 4027 gravibus
687 3924 882 4027 sapientia
914 3938 953 3998 et
985 3938 1122 3998 ancto-

123 4044 252 4142 ritate,
282 4042 430 4128 iudicio
463 4041 764 4146 excellentibus,
796 4035 979 4126 doctrina
1008 4041 1123 4122 uben
1246 4120 1250 4127 ,
1318 4081 1326 4095 ·
