2702 4548
201 277 293 394 Ι26

269 493 335 587 ia'e'
364 495 1004 602 benevolentiaemonurnentunt,
1043 514 1133 610 ipsis
1167 511 1250 584 vel-

242 541 298 686 let
322 615 503 779 scriptam
531 609 842 683 communicare?
889 613 933 680 ln
966 635 1044 709 quo
1070 608 1135 681 hic
1159 613 1249 683 sine

245 708 364 782 'dubio
414 707 567 792 ibenter
610 712 654 780 iis
693 724 842 779 rnorem
874 711 1004 804 gessit,
1048 726 1130 778 tum
1162 731 1250 779 om-

242 813 336 882 nino
368 807 487 878 homo
520 800 833 895 officiosissimus,
871 803 957 875 'tum
985 811 1047 880 cui
1081 803 1249 878 deberet

244 930 326 979 esse
353 908 622 1002 gratissimum,
648 907 679 974 si
707 903 863 1003 quando
887 904 1030 976 Caesar
1054 903 1247 1002 rempubl.

242 1019 505 1091 restaurasset,
561 1006 741 1098 scriptam
803 1019 951 1073 exstare
1009 1005 1248 1092 orationem,

156 1101 169 1116 “
244 1125 363 1200 quae,
409 1125 524 1199 quam
568 1104 650 1196 ipse
696 1125 783 1172 eum
828 1101 878 1170 ad
914 1097 993 1173 hoc
1029 1103 1247 1189 incitasset,

242 1203 344 1270 inter
369 1221 502 1269 omnes
530 1215 820 1272 contestaretur.

338 1294 417 1368 Sed
438 1319 485 1368 ex
504 1295 577 1368 hac
598 1295 757 1397 quidem
776 1314 884 1394 parte
904 1320 963 1367 res
981 1321 1023 1368 se
1041 1314 1120 1366 tam
1139 1293 1248 1388 bene

242 1391 379 1483 habet,
407 1412 448 1465 ut
474 1393 579 1464 nullo
601 1395 718 1466 modo
744 1393 926 1465 infirmari
953 1397 1080 1492 possit.
1131 1395 1246 1483 Nam,

245 1495 359 1563 etiam
386 1495 417 1562 si
448 1488 583 1581 facias,
617 1493 865 1583 Ciceronem,
894 1484 977 1581 ¹,non
1008 1489 1246 1587 intelligitur,

148 1674 154 1684 ι
244 1587 381 1687 quibus
414 1587 464 1658 de
502 1591 640 1678 causis,
684 1589 851 1660 noluisse
891 1591 990 1660 hanc
1028 1593 1249 1661 orationem
1332 1586 1333 1618 ¹

241 1685 344 1758 foras
391 1684 493 1755 dari:
539 1711 667 1774 „anne
705 1685 909 1758 absurdum
950 1703 1022 1776 est,
1065 1685 1246 1776 credere,

245 1799 334 1856 eum
365 1780 413 1853 ab
446 1801 537 1875 actu
565 1783 828 1881 pulcherrimi
859 1785 965 1854 illius
996 1785 1077 1853 diei
1108 1805 1247 1856 recen-

241 1901 335 1971 tem,
370 1905 577 1980 rerumque
609 1885 894 1978 insperatarum
910 1880 1056 1953 laetitia
1083 1879 1245 1974 elatum,

244 1999 346 2084 quae
371 1982 411 2048 in
437 1985 574 2049 senatu
600 1977 773 2068 dixisset,
804 1979 910 2050 nulla
941 2003 1049 2049 mora
1075 1983 1247 2076 interpo-

241 2079 329 2167 sita,
361 2075 481 2148 literis
516 2077 813 2174 consignasse?“
852 2079 1021 2172 (Worni.
1049 2101 1134 2176 pag.
1162 2083 1243 2174 26.)

240 2176 290 2247 At
314 2198 445 2273 neque
470 2173 548 2246 hoo
572 2173 776 2248 verisimile
810 2193 865 2247 est
895 2179 935 2245 in
957 2177 1136 2245 oratione
1163 2200 1246 2247 non

243 2271 414 2359 edenda,
446 2295 538 2359 nec,
568 2276 600 2344 si
626 2278 802 2370 ponimus
829 2272 973 2346 lactum
1001 2293 1094 2361 esse,
1128 2297 1246 2371 appa-

242 2371 304 2462 ret'
339 2367 539 2469 quomodo
578 2374 649 2442 ista
689 2375 730 2442 in
769 2369 966 2468 publicum
1000 2365 1043 2440 ¹et
1085 2370 1134 2441 ad
1174 2395 1245 2443 nos

244 2469 480 2552 emanaverit
504 2507 552 2522 --
576 2467 702 2539 Unum
730 2469 780 2540 ad
816 2469 914 2542 haec
945 2467 1075 2539 locum
1103 2463 1244 2540 affero:
1334 2497 1335 2504 ¹

241 2565 315 2636 Att.
350 2567 414 2653 lll,
458 2587 513 2639 12.
584 2567 815 2637 Percussisti
854 2593 916 2637 me
954 2567 1006 2637 de
1056 2571 1245 2638 oratione

241 2663 305 2764 (in
337 2663 568 2761 Curionem)
610 2663 777 2760 prolata
806 2702 857 2720 -
885 2669 1020 2761 scripsi
1061 2665 1246 2760 equidem

238 2755 513 2858 oboriretur,
548 2762 660 2858 quod
680 2761 752 2832 ille
773 2765 885 2857 prior
917 2764 1145 2859 scripserat;
1177 2763 1249 2831 sed

241 2863 302 2928 ica
329 2879 648 2956 compresseram,
676 2875 721 2928 ut
736 2865 946 2954 ‘nunquam
961 2867 1247 2928 emanaturam

174 2993 179 3006 «
236 2955 667 3052 putarem;'quomoclo
695 2957 906 3035 eoeciderit,
934 2960 1076 3026 nescio.

257 3111 260 3118 .
338 3052 627 3140 Verumtamen,
665 3050 872 3142 confiteor,
898 3051 1081 3124 haetenus
1109 3051 1247 3124 disser-

189 3239 191 3243 .
240 3152 336 3222 tatio
361 3169 493 3246 nostra
514 3169 571 3223 est
597 3147 798 3236 eiusmodi,
825 3167 868 3220 ut
891 3153 962 3220 viri
988 3149 1105 3240 docti,
1127 3173 1247 3248 quae-

242 3269 397 3348 cunque
428 3251 467 3318 in
501 3271 547 3318 ea
578 3271 649 3345 pro
680 3244 947 3319 verisimilibus
981 3267 1020 3318 et
1047 3250 1145 3320 veris
1175 3273 1248 3346 po-

239 3349 398 3441 suimus,
427 3341 649 3419 concedere
680 3343 880 3447 iidemque
900 3349 1051 3443 ipsam,
1088 3345 1138 3417 de
1162 3369 1248 3444 *qua

239 3439 284 3512 lis
312 3461 384 3532 est,
420 3449 636 3515 orationem
667 3440 813 3514 habere
844 3447 1123 3542 supposititiam
1155 3468 1247 3540 pos-

175 3563 179 3580 ·
240 3542 326 3611 sint.
377 3541 493 3631 Nam,
538 3546 570 3614 si
630 3540 697 3612 uid
729 3544 887 3613 omnino
912 3539 975 3612 vel
1001 3567 1049 3612 ex
1075 3545 1248 3612 testimo·

128 3655 132 3662 ·
239 3639 312 3728 niis
339 3642 523 3738 eruimus,
553 3567 628 3710 vel
644 3636 757 3710 aliter
781 3642 1012 3727 invenimus,
1050 3639 1143 3738 quid
1168 3638 1248 3712 hoc

241 3734 298 3806 e'st'
328 3737 470 3833 ipsum,
510 3741 600 3809 nisi:
640 3763 687 3809 eo
717 3738 806 3817 die,
843 3763 923 3834 quo
957 3737 1104 3810 Caesar
1128 3735 1247 3806 Mar-

243 3831 540 3930 eello'veniarn
571 3837 711 3915 daret,
738 3859 765 3906 a
799 3834 991 3907 Cicerone
1022 3838 1066 3904 in
1099 3851 1247 3904 senatu

240 3929 424 4001 habitam
437 3957 517 4005 esse
531 3936 755 4004 orationem
772 3955 854 4000 non
868 3931 928 4002 ita
943 3930 1124 4009 brevem,
1138 3957 1248 4001 eum-

240 4052 329 4124 que¹
341 4047 482 4127 postea
506 4054 589 4108 esse
605 4029 729 4102 literis
748 4033 1026 4128 consignatam
1032 4058 1051 4118 ,-
1075 4047 1113 4103 at
1137 4035 1249 4121 vero,
