2730 4524
253 305 388 384 56-

356 491 421 563 De
444 491 562 564 tribus
588 509 731 580 autem,
766 495 867 590 quae
889 491 929 562 in
953 489 1027 563 hac
1050 491 1161 588 parte
1186 516 1276 564 sun

260 607 432 688 potsunt,
458 589 565 680 locis,
593 592 773 689 quoniam
794 589 930 661 eadem
950 591 1252 686 reprehensione

176 763 180 775 ¹
263 685 491 778 afficiuntur,
520 691 749 760 coniunctim
766 686 992 758 videbimus.
1042 685 1271 758 Sunrvero'

263 806 345 880 cap.
380 785 477 856 Vnt.
515 790 572 856 ati.
610 787 702 854 uide
737 807 901 878 quaeso,
942 809 991 852 ne
1015 799 1087 852 tua
1112 785 1253 854 divina

260 885 387 951 cirrus
408 883 686 952 admirationis
708 879 801 972 plas-
819 883 866 950 sit
889 880 989 950 habi.
1005 905 1096 958 ura,
1124 906 1253 978 quana

258 977 433 1075 gloriae,
474 995 511 1048 et
543 1000 625 1073 cap.
656 979 723 1048 IX.
762 987 820 1064 28.
862 978 1112 1072 (posteritas),
1142 1002 1254 1074 quae

259 1077 442 1152 miretur,
492 1078 576 1143 iam
607 1075 762 1168 pridem
798 1071 923 1142 multa
958 1070 1099 1156 nobem
1142 1098 1254 1143 nunc

261 1172 402 1246 etiam,
435 1195 541 1266 quae
567 1169 718 1248 landet,
752 1185 968 1266 exspectat,
1002 1186 1040 1238 et
1063 1166 1155 1241 ibid.
1185 1185 1255 1254 29.¹

258 1267 335 1334 nisi
358 1264 459 1336 haec
485 1265 573 1338 urbs
597 1263 774 1338 stabilita
810 1269 886 1335 tuis
910 1265 1081 1336 consiliis
1115 1281 1156 1336 et
1186 1274 1252 1336 in-

213 1416 223 1433 .
257 1364 404 1436 scitatis
439 1367 532 1443 erit,
563 1362 785 1460 vagabitur
813 1363 931 1432 modo
962 1387 1107 1432 nomen
1133 1378 1254 1433 tuam

223 1533 225 1539 ,
258 1456 379 1556 longe
403 1475 526 1556 atque
551 1459 653 1538 late,
678 1459 808 1530 sedem
825 1459 985 1548 quidem
1002 1455 1184 1528 stabilem
1208 1477 1252 1528 et

256 1553 505 1634 domicilium
531 1573 680 1626 certam
704 1580 784 1624 non
813 1553 984 1626 habebit.
1035 1557 1078 1623 In
1105 1553 1161 1626 his
1186 1556 1252 1628 vel
1295 1561 1296 1564 ’

258 1651 539 1721 admirationis
572 1677 594 1720 a
622 1650 755 1750 gloria
789 1673 856 1720 seu
886 1650 1007 1721 made
1037 1652 1251 1723 distinctio-

256 1768 346 1814 nem
378 1763 421 1814 ut
446 1744 625 1818 Ciceroni
651 1745 815 1816 alienam
842 1745 1017 1844 culpant,
1042 1745 1100 1818 vel
1119 1753 1252 1821 omnia

256 1837 448 1916 affirmant
473 1847 598 1939 aptius
622 1843 670 1916 de
695 1867 833 1940 magno
858 1841 1021 1938 latrone,
1056 1869 1171 1942 quam
1198 1845 1252 1917 de

256 1938 423 2014 Caesare
449 1939 535 2014 dici.
587 1939 712 2012 Aede
738 1943 858 2037 prima
879 1939 1033 2040 quidem
1053 1960 1161 2037 parte
1180 1941 1252 2014 hu-

255 2036 311 2106 ius
337 2054 452 2108 notae
480 2041 665 2110 assentior
687 2035 882 2128 Weiskio,
923 2033 989 2134 qui
1024 2058 1168 2126 censet,
1207 2044 1278 2124 in,

256 2130 406 2230 talibus*
428 2159 507 2209 non
544 2154 637 2223 tam,
677 2160 726 2205 an
757 2132 862 2206 idem
893 2137 1008 2204 etiarn
1047 2133 1120 2206 alio
1155 2135 1250 2209 lo'co

158 2235 160 2240 ’
257 2230 361 2326 apud
394 2231 560 2303 eundem
592 2235 816 2330 scriptorem
849 2229 1011 2328 legatur,
1051 2227 1163 2331 quem
1199 2236 1251 2306 rin

202 2391 205 2400 .
254 2328 328 2423 ipsi
362 2332 479 2423 genio
513 2327 667 2427 linguae
702 2332 886 2427 omnique
924 2350 1050 2398 rerum
1088 2349 1251 2403 naturae

256 2427 479 2516 conveniat,
519 2451 600 2498 esse
633 2424 967 2499 considerandum.
1022 2425 1088 2498 Sin
1119 2446 1250 2499 eutem

254 2545 344 2594 vere
382 2547 521 2620 magna
557 2541 594 2594 et
629 2525 768 2594 eximia
810 2525 963 2622 quaevis
999 2523 1251 2596 admiramur

254 2617 431 2717 quiderm
458 2621 582 2691 laude
605 2643 697 2690 vero
719 2637 757 2690 et
772 2620 904 2718 gloria
922 2620 1075 2690 nonnisi
1096 2643 1140 2692 ea
1158 2645 1250 2718 pro-

252 2719 465 2814 sequimur,
504 2720 545 2788 in
578 2716 715 2816 quibus
736 2720 894 2814 'species
927 2713 1117 2814 quaedam
1153 2717 1250 2790 boni

255 2819 491 2910 apparuerit:
517 2812 623 2884 illurn
643 2813 927 2886 distinctionem
944 2817 1044 2884 inter
1067 2815 1270 2885 admira--

253 2913 407 2982 tionem
440 2929 477 2982 et
510 2911 675 2982 laudam
706 2933 772 2981 seu
802 2909 978 3008 gloriam
1002 2907 1248 2982 manifestum

255 3021 328 3094 est,
366 3009 495 3079 etiem.
511 3010 542 3078 si
572 3031 761 3106 nusquam
794 3003 887 3076 alibi
921 3006 1112 3104 legeretur
1143 3008 1249 3105 apud

255 3103 504 3194 Ciceronem,
531 3122 660 3176 tamen
685 3128 766 3174 non
793 3101 1248 3202 debuissereprehendi3

252 3203 361 3300 atqui
387 3223 434 3272 ea
457 3200 595 3301 legitur
620 3199 669 3274 de
695 3197 761 3272 off.
786 3203 837 3290 ΙΙ,
871 3228 905 3288 9.
934 3226 988 3273 ιο.
1026 3218 1097 3273 cet.
1147 3203 1248 3271 Per-

243 3297 364 3394 fecta
385 3301 550 3397 gloria
577 3313 730 3371 constat
757 3297 953 3369 extribus
976 3298 1053 3370 his:
1078 3301 1112 3368 si
1134 3298 1207 3367 dil
1214 3301 1247 3366 i-

251 3398 327 3491 git
349 3395 587 3482 multitudo;
609 3399 644 3467 si
657 3396 814 3490 sidem
840 3395 982 3486 habet.-
1006 3399 1039 3467 si
1054 3419 1144 3464 cum
1162 3394 1248 3464 ad·
1342 3447 1343 3452 η

252 3494 522 3564 miratione
553 3495 732 3592 qrtadam
763 3491 915 3562 honore
945 3492 1084 3589 dignos
1114 3505 1246 3588 pacat.

252 3583 311 3658 cf.
340 3586 389 3659 de
415 3586 478 3660 off.
505 3592 540 3680 I,
571 3591 726 3676 19.'cet.
768 3629 777 3644 κ
1275 3639 1277 3646 -

348 3684 556 3770 Βθ,υ1ῑθῑει
579 3708 672 3759 vero
690 3701 800 3786 parte
823 3701 960 3757 notae:
987 3680 1138 3774 (‚,haeo
1162 3703 1249 3754 esse

253 3782 377 3877 aptius
408 3783 450 3852 in
479 3781 687 3874 latronem,
727 3803 844 3880 quam
875 3784 917 3851 in
940 3780 1154 3852 -Caesarem
1192 3778 1249 3850 di·

255 3879 451 3972 cta’')sic
474 3875 616 3948 :habeo
648 3873 880 3976 persuasum.
942 3876 994 3947 Ut
1024 3873 1249 3948 mortalibus

230 3977 383 4048 'omnia
406 3971 510 4048 bella
536 3974 687 4064 odiosa,
728 3976 784 4044 sic
810 3969 1047 4046 odiosissime
1077 3991 1165 4044 sunt
1197 3976 1250 4046 ci-

76 4172 1124 4456 ⁴fff³fffl⁴
