2702 4548
221 804 224 814 t

161 528 163 539 '
256 519 431 600 'moriam'
447 520 627 608 debemus
655 529 807 590 'tantum
836 495 1069 617 intelligere,
1091 505 1169 618 'qui
1193 544 1266 593 ne-

293 641 382 694 ueut
404 624 502 690 intra
527 616 758 691 semihoram
783 620 972 714 perorari;
1000 615 1141 690 deinde
1165 641 1263 690 ‘vero

253 651 329 792 {ha
364 719 542 791 iubemur
577 719 768 812 inspicere
800 737 883 810 pro.
917 712 1065 785 Cluent.
1101 740 1133 788 c.
1160 717 1263 791 LIX.

265 833 309 890 υἷι
339 820 571 888 existimetis
592 815 824 884 'necessari-o
864 837 927 881 me
958 813 1008 882 de
1040 811 1099 881 lais
1129 812 1262 894 rebus,

251 911 489 1012 'dequibus
523 915 605 980 iam
641 911 837 986 dixerim,
878 907 1101 1004 pluribus
1138 913 1265 1002 egisse

264 1011 425 1082 verbis
441 1011 465 1080 i.
482 1005 513 1103 el
529 1009 656 1079 LVIII.
676 995 757 1076 fere
776 1003 982 1102 capitibus!
1009 1004 1264 1078 Marcelliano

263 1130 374 1195 vero,
400 1104 553 1203 qualem
570 1126 674 1175 nunc
691 1100 892 1192 habemus,
919 1105 981 1175 XI.
1009 1107 1176 1200 capitum
1203 1124 1264 1176 est

189 1249 192 1254 -
266 1207 408 1292 orati0,
444 1219 503 1294 ut,
538 1198 748 1275 secundum
773 1198 872 1272 haec
899 1197 1071 1299 quidem,
1103 1226 1182 1271 non
1207 1206 1263 1272 vi-

266 1301 402 1372 deatur
420 1300 512 1372 ideo
531 1303 721 1397 suspecta,
742 1297 851 1394 quod
870 1295 1039 1395 longior,
1062 1298 1131 1370 sed
1152 1299 1263 1398 quod

264 1397 419 1469 brevior
443 1402 506 1488 sit,
534 1422 649 1496 quam
674 1417 776 1494 quae
799 1394 871 1468 illis
901 1396 1127 1494 pluribus
1158 1423 1260 1466 ver-

211 1516 238 1556 ·‘
266 1497 343 1569 bis·
374 1499 440 1595 egi
473 1499 631 1595 gratias
664 1491 866 1565 indicetur.
928 1493 1070 1564 Verum
1108 1492 1267 1566 additur

263 1591 315 1664 ad
345 1590 555 1663 locum-'ex
586 1607 680 1661 orat.
712 1613 784 1687 pro
819 1589 966 1661 Cluent.
995 1595 1137 1682 cautio:
1165 1596 1261 1682 „,In

262 1689 370 1760 hisce
396 1687 649 1777 Oiuetitianis,
667 1690 708 1757 si
732 1690 897 1757 maxime
914 1685 1121 1760 verbositas
1139 1714 1260 1788 quae·
1334 1723 1335 1764 1

263 1786 365 1858 dam·
381 1785 613 1875 declaratur,
650 1801 859 1857 esttamen
884 1787 1037 1856 nonnisi
1063 1803 1260 1886 tamquam

262 1885 379 1983 partis
410 1885 451 1954 in
482 1902 566 1954 toto
602 1879 792 1980 aliquoi
838 1882 950 1974 Quae
981 1881 1260 1982 qualiscunque

262 1999 335 2072 est,
379 1997 513 2053 contra
536 1997 706 2052 nostram
730 1983 946 2074 orationem
973 1998 1076 2052 certe
1101 1985 1257 2054 minime

263 2091 322 2152 est
347 2081 579 2176 ertcogitata3
612 2079 757 2176 quippe
782 2081 889 2151 cuius
915 2077 1104 2170 eiusdem,
1137 2097 1179 2149 ut
1202 2082 1255 2149 vi-

262 2176 406 2267 detur„
427 2201 514 2274 pars
537 2193 691 2247 tantum
721 2173 955 2272 significetur
983 2174 1054 2246 illis
1082 2176 1255 2272 pluribus

260 2273 396 2345 uerbis
424 2278 488 2370 egi
513 2277 688 2373 gratiam
717 2293 804 2370 pars
835 2277 883 2344 sit
916 2271 966 2346 de
989 2273 1134 2346 insidiis
1161 2271 1258 2347 Cae-

260 2373 339 2441 sari·
361 2373 504 2467 positis.
744 2394 746 2398 ·
814 2409 817 2416 ·
1013 2388 1015 2392 ’

302 2556 304 2558 ¹
356 2466 437 2538 Sed
458 2464 645 2538 videbunt
669 2487 819 2557 omnes,
848 2460 926 2540 hoc
949 2467 1067 2541 modo
1093 2467 1188 2540 nihil
1212 2471 1256 2540 in

259 2563 336 2654 hac
359 2571 402 2637 re'
432 2561 576 2663 profici.
614 2567 813 2664 ¹Namque
833 2564 932 2637 illius
957 2565 1142 2648 formulae
1168 2589 1255 2639 usus

259 2661 563 2762 haudquaquam
605 2680 662 2734 est
690 2667 808 2746 certis
851 2663 1079 2761 quibusdam
1117 2662 1254 2736 finibus

261 2763 586 2859 circumscriptus,
619 2759 691 2831 sed
716 2783 932 2832 sermonem
958 2785 1080 2861 aeque
1107 2761 1256 2860 amplis-

160 2873 164 2881 '
260 2859 398 2928 simunt
432 2877 477 2948 at¹
501 2860 801 2953 angustissimum
829 2856 1113 2957 complectitur3
1145 2861 1256 2930 sicuti

182 2965 186 2976 '
258 2957 485 3050 imperator,
532 2957 597 3122 qpi
630 2953 783 3044 milites,
827 2975 1032 3058 antequam
1064 2955 1256 3052 proelium

261 3055 504 3141 commisere,
578 3056 657 3123 revi
694 3052 963 3126 adhortatione
1000 3051 1253 3145 confirmavit,

260 3169 326 3252 eos
348 3149 523 3247 pluribus
546 3149 679 3220 uerbis
704 3149 960 3223 confirmasse¹
979 3148 1117 3222 dicitur
1146 3153 1255 3222 ite'm-

237 3263 337 3345 'que
362 3263 519 3336 orator,
560 3245 624 3339 (ut
655 3247 795 3320 Cicero
829 3253 899 3323 isto
930 3250 971 3320 in
1002 3246 1132 3340 loom)
1170 3273 1255 3320 ora-

248 3349 363 3415 ·tione
396 3369 510 3443 quam
542 3339 761 3438 longissima
792 3345 940 3436 habita,
979 3349 1101 3444 ipsam
1131 3345 1254 3442 longi-

257 3439 428 3514 tudinem
458 3440 744 3541 quodammodo
775 3443 969 3516 occultans
994 3449 1077 3515 iure
1101 3467 1170 3513 suo
1198 3443 1254 3514 di-

148 3580 151 3586 ·
259 3539 325 3608 cit:
366 3539 542 3634 pluribus
573 3541 702 3610 uerbis
730 3539 896 3630 dehoc
929 3541 1022 3612 mibi
1060 3539 1254 3637 agendum

258 3655 339 3706 esse
367 3633 467 3705 duxi.
523 3638 609 3708 Noc
637 3653 767 3709 tamen
796 3643 945 3710 ratione
975 3657 1053 3708 tam
1084 3641 1188 3708 varia
1214 3657 1254 3710 et

253 3729 402 3801 infinita
426 3730 694 3828 prohibemur,
724 3761 789 3826 ne,
827 3758 942 3834 quem
973 3733 1055 3804 fere
1085 3733 1151 3806 itta
1175 3733 1254 3805 for-

249 3826 359 3920 ‚mula
380 3827 435 3927 pl.
461 3852 500 3899 o).
528 3836 661 3927 quovis
691 3837 733 3904 in
762 3833 851 3906 loco
877 3830 1037 3902 modum
1070 3851 1108 3903 et
1133 3831 1253 3903 ambi-

254 3944 334 3997 tum
376 3929 559 3998 sermonis
595 3929 806 4025 significet,
850 3951 1086 4027 cognoscere
1132 3955 1251 4032 quea-

253 4049 353 4114 mus3
381 4025 474 4126 quin
499 4026 601 4124 imo..
620 4026 726 4120 ebus,
753 4031 794 4114 in
820 4026 956 4132 quibus
975 4053 1020 4127 ea
1038 4023 1143 4108 fact-a
1168 4025 1249 4102 o‘sse
