2702 4548
278 301 326 378 do

285 491 509 577 censuimus,
527 469 531 475 ’
552 485 776 560 relationem
818 489 854 558 ei
895 483 1202 562 excubiasillas
1251 507 1291 561 et

285 588 474 658 custodias
506 582 786 682 concesseraut3
830 575 1093 683 quamobrem
1115 579 1288 678 Cicero,

284 682 332 756 de
363 683 419 758 his
452 683 524 754 illis
556 681 775 780 simpliciter
799 683 1008 754 assentiens
1040 705 1121 754 non
1155 682 1289 755 debe-

264 780 349 874 vbat
375 805 437 854 eas
463 783 600 855 certius
626 779 857 864 describere3
884 777 963 866 sed,
991 780 1213 856 cumidem
1244 785 1287 852 in
1321 787 1322 810 ²

282 883 466 952 sententia
501 903 569 952 sua
605 876 798 964 dicenda,
833 877 987 948 Caesari
1020 875 1178 950 omnino
1218 884 1285 950 vix

281 976 377 1052 ullas
401 975 480 1049 fieri
515 999 628 1072 posse
657 974 809 1064 insidias
841 970 1076 1064 affirmasset,
1113 979 1283 1066 (omnes

282 1078 383 1148 enim
413 1077 453 1144 in
487 1095 533 1141 eo
566 1096 644 1148 uno
680 1096 787 1172 spem
824 1071 872 1143 de
902 1069 1098 1167 republica
1126 1069 1281 1148 habere

193 1230 197 1240 .
279 1175 462 1269 positam,
491 1173 739 1270 omniumque
763 1168 909 1242 idcirco
929 1166 1129 1266 plurimum
1154 1174 1279 1242 inter-

216 1283 220 1291 “
282 1291 380 1359 esse,
414 1291 499 1338 eum
532 1270 696 1358 vivere):
735 1291 884 1367 prorsus
910 1289 1068 1337 neccsse
1092 1265 1181 1357 fuit,
1222 1274 1276 1362 ei,

279 1369 311 1440 si
353 1385 482 1438 tamen
521 1364 592 1460 sibi
635 1363 781 1464 aliquid
818 1361 1065 1438 metuendum
1099 1365 1275 1462 putabat,

278 1484 432 1564 praeter
456 1467 543 1538 istas
562 1463 740 1538 excubias
761 1481 798 1535 et
817 1461 1024 1551 custodias,
1050 1487 1130 1536 non
1149 1465 1275 1537 modo

278 1555 402 1653 suam,
443 1559 512 1634 sed
543 1579 756 1634 ceterorum
795 1564 906 1633 etiam
937 1577 1156 1632 senatorum
1192 1586 1275 1632 om-

278 1654 383 1732 nium
431 1657 480 1730 de
522 1660 637 1754 ipsius
686 1657 806 1728 salute
851 1681 978 1728 curam
1024 1657 1274 1756 studiumque

278 1759 485 1828 maximum
511 1755 762 1850 promitteret,
795 1772 909 1854 atque
940 1759 993 1826 ita
1025 1753 1159 1856 intilla
1186 1781 1273 1830 sen-

278 1854 397 1924 tentia
430 1875 562 1948 neque.
587 1851 803 1924 obscuritas
831 1876 959 1952 neque
989 1849 1273 1952 itaecpossunt

277 1948 529 2048 reprehendi:
572 1973 780 2048 cinnaeque
814 1949 911 2027 tibi,
956 1966 1004 2019 ut
1037 1975 1122 2049 pro
1155 1953 1273 2024 aliis

274 2053 428 2121 etiam
461 2048 638 2145 loquar
667 2062 738 2122 cet.
788 2047 827 2120 Si
863 2071 952 2118 vero
995 2071 1108 2146 quem
1147 2045 1272 2122 offen·
1321 2057 1322 2066 ’

279 2143 362 2237 dat,
416 2143 522 2243 quod
565 2141 614 2217 ad
661 2147 782 2241 ipsam
825 2139 1051 2216 relationem
1096 2141 1271 2218 Caesaris
1321 2223 1322 2242 ,

277 2260 353 2314 tam
400 2239 566 2314 breviter
615 2261 814 2314 censeatur
860 2241 1059 2341 longeque¹
1103 2247 1271 2318 maxima

277 2364 365 2436 pars
408 2340 590 2410 orationis
626 2341 666 2408 in
703 2338 783 2412 aliis
825 2359 1009 2430 versetur,
1054 2341 1083 2409 is
1122 2338 1204 2414 rele
1234 2361 1272 2415 at

276 2434 372 2511 Phil.
402 2436 504 2527 tlt,
545 2437 585 2506 iu
624 2461 698 2534 qua
736 2437 873 2512 Cicero
917 2439 1005 2536 ipsis
1042 2461 1109 2508 sex
1143 2368 1269 2511 veritis

279 2532 328 2607 de
371 2555 412 2606 re
458 2535 656 2631 proposita
703 2536 931 2608 sententiam
978 2531 1069 2625 fert,
1120 2533 1269 2633 reliqua

278 2633 384 2704 omni
411 2635 584 2706 oratione
618 2629 668 2708 de
699 2629 778 2707 attis
810 2635 903 2732 agit,
943 2657 1029 2709 curn
1061 2635 1133 2708 ista
1161 2631 1269 2706 nullo

204 2793 206 2802 t
276 2728 396 2804 modo
425 2731 648 2804 coniunctis.

284 2823 289 2832 ’
374 2828 487 2898 Nunc
519 2850 628 2918 vero,
668 2830 868 2926 quoniam,
906 2845 948 2898 ut
976 2825 1069 2902 mihi
1100 2825 1265 2919 videtur,

278 2940 445 3014 constat,
482 2924 595 2996 liuius
625 2930 815 2997 orationis
837 2941 1115 3024 argumentum
1142 2943 1182 2994 et
1208 2931 1265 2998 iu-

276 3025 519 3092 stitutionem
562 3020 632 3092 νεῖ
676 3048 698 3090 e
726 3022 865 3092 istolae
913 3040 1071 3094 nostroe
1115 3019 1264 3112 (fatum.

275 3119 344 3210 IV,
371 3119 426 3212 4.)
450 3115 519 3187 vel
541 3119 649 3188 omui
672 3049 778 3190 idios
802 3123 889 3190 aeri
913 3119 1100 3191 historiae
1121 3119 1264 3212 plenis-

274 3219 370 3304 sime
395 3217 620 3285 conuenire:
645 3211 833 3312 reliquum
860 3234 930 3305 est,
964 3232 1005 3286 ut
1037 3213 1085 3290 de
1110 3217 1168 3290 sin
1196 3213 1263 3288 ulis

274 3315 315 3388 in
342 3337 388 3386 ea
415 3307 643 3412 quibusdam
661 3307 872 3404 videamus,
901 3312 1038 3412 quibus
1063 3242 1262 3384 manifesto

274 3412 564 3506 grammaticum
590 3412 668 3486 eius
695 3429 888 3484 auctorem
920 3407 1105 3482 declarari
1137 3407 1263 3484 dicunt

265 3531 420 3610 ¹rerum,
451 3530 552 3606 quae
577 3525 669 3582 tunc
695 3526 818 3580 essent
840 3530 899 3596 ¹ac
930 3524 1168 3675 peterentur,
1203 3525 1262 3579 aut

274 3606 435 3679 inscium
479 3623 543 3680 aut
587 3624 689 3678 certe
726 3604 826 3682 male
861 3629 934 3702 neg
951 3609 1126 3704 igentem.
1188 3603 1261 3678 Sed

275 3703 384 3800 quia,
411 3717 453 3770 ut
476 3706 757 3798 praemonitum
784 3721 852 3794 est,
885 3727 963 3778 non
995 3699 1097 3799 hanc
1128 3699 1261 3776 edituri

197 3813 199 3818 '
276 3818 342 3869 aut
377 3804 648 3876 commentario
683 3803 832 3903 integro
868 3801 1103 3899 persecuturi
1138 3823 1259 3870 sumus

275 3898 506 3981 orationem,
533 3894 601 3968 sed
625 3915 772 3970 tantum
795 3897 892 3988 loca,
920 3895 1057 3997 quibus
1084 3897 1259 3972 Ciceroni

274 3991 337 4068 vel
371 3984 620 4096 abiudicetur'
645 3993 707 4100 vel
743 3993 980 4068 adiudicetur
1012 3991 1256 4092 exploraturi:
