2702 4548
1032 360 1077 424 19

7 517 8 588 ἶ
77 527 254 630 equidem
285 545 489 628 persancte
518 527 722 598 iuraverim
753 550 816 599 me
844 531 994 626 saepius
1026 527 1074 602 ab

7 641 8 664 ²
75 633 232 726 incepto
269 649 391 726 opere
429 624 652 697 destitisse.“
694 622 735 696 cf
781 649 840 726 ep.
873 628 974 702 Guil.
1006 633 1078 700 Bu·

7 745 8 752 ’
76 726 163 799 daei
190 725 241 797 ad
265 723 349 800 Nic.
382 722 529 796 Berald.
563 723 605 793 in
635 725 772 796 Ascon.
808 722 868 799 ed.
895 727 1012 798 Paris.
1041 745 1079 798 et

7 877 8 882 η
75 823 214 896 Markl.
242 825 321 897 Cic.
349 841 458 898 crau.
483 823 548 895 IV.
574 821 727 894 LXXII.
759 846 844 923 sqq.
879 840 917 897 et
944 823 1076 923 spald.

7 957 8 966 ¹
76 945 163 1022 aas·
193 923 276 1016 82)
363 959 365 964 ’
722 941 739 984 ··

173 1018 265 1088 Post
288 1015 389 1090 hanc
412 1039 527 1106 reru,
566 1038 665 1116 quae
696 1018 903 1087 maximam
928 1038 1079 1117 partem
1168 1101 1176 1106 ,

7 1151 8 1156 ’
76 1113 131 1187 de
167 1119 393 1190 auctoritare
429 1116 586 1187 Asconii
623 1111 711 1211 fuit,
757 1116 1076 1211 disputationem:

77 1213 129 1286 de
154 1213 308 1315 reliquis
333 1216 373 1284 in
399 1212 474 1284 hac
494 1236 609 1282 causa
633 1211 803 1302 testibus,
824 1213 955 1284 Nonio
978 1219 1079 1286 Mar-

78 1308 431 1401 celle,·Priscian0
459 1329 531 1382 cet.
561 1307 753 1408 quidest,
793 1310 899 1408 quod
926 1310 1078 1386 dicam?
1176 1327 1177 1332 ’

78 1409 227 1500 Quibus
266 1407 368 1482 enim
400 1405 512 1478 rebus
546 1405 676 1503 decipi
712 1410 896 1478 Asconius
928 1428 1090 1505 posset,

73 1509 121 1578 iis
139 1504 261 1576 multo
280 1507 399 1602 magis
424 1504 510 1576 ilios
531 1507 716 1602 potuisse,
747 1524 824 1575 tam
845 1503 990 1576 clarum
1012 1525 1078 1598 est,

75 1620 120 1672 ut
162 1623 243 1673 non
282 1602 768 1702 egeat'demonstrarione.
836 1603 945 1674 Haec
987 1629 1080 1677 vero

76 1702 222 1798 pariter
267 1701 309 1772 in
359 1724 437 1772 eos.
470 1725 603 1773 omnes
663 1700 766 1772 cadit
803 1700 1078 1798 reprehensio,

77 1797 186 1896 quod
209 1819 287 1869 non
313 1816 433 1871 totam
464 1797 696 1894 emtionem,
739 1809 805 1870 aut
834 1796 968 1871 saltem
1000 1826 1079 1872 ma·
1144 1857 1147 1866 ,

73 1898 197 1966 iorem
224 1899 303 1967 eins
335 1915 485 1994 partem
518 1897 661 1968 habent
694 1895 949 1994 explicatione
985 1923 1078 1970 con-

74 1997 184 2064 tinua
203 1993 486 2090 perlustratam,
512 1991 580 2064 sed
606 2012 750 2065 tantum
770 1993 938 2089 singulos
965 2020 1080 2094 quos·

76 2091 168 2162 dam
192 2088 301 2163 locos
327 2091 380 2161 ita
404 2090 598 2180 laudatos,
625 2108 666 2159 ut
691 2089 756 2161 fiat
779 2095 963 2188 suspicio,
993 2116 1077 2184 eos,

28 2245 34 2254 ,
77 2191 224 2287 quippe
251 2187 388 2286 quibus
423 2187 495 2259 alia
527 2187 716 2285 quaedam
748 2187 808 2264 vel
842 2189 1080 2287 explicarent

76 2284 139 2356 vel
187 2285 502 2384 cpmprubarent,
546 2285 722 2382 exempla
760 2309 782 2358 e
819 2306 967 2360 nostra.
995 2313 1095 2360 οταν
1199 2329 1203 2340 -

74 2387 184 2456 tione
220 2383 424 2454 studiosius
463 2399 501 2456 et
540 2385 712 2482 cupidius
748 2389 924 2458 sumsisse
961 2405 1079 2487 quam

74 2481 313 2584 prudentius.

175 2581 302 2677 Atque
350 2575 449 2652 haec
502 2573 606 2651 dicta
655 2591 789 2652 sunta
820 2571 869 2651 de
920 2575 1080 2652 cestibus

76 2681 215 2748 nostris
247 2680 515 2774 grammaticis3
548 2676 619 2778 qui·
646 2703 730 2748 cum
764 2699 845 2748 non
876 2673 952 2749 sint
984 2676 1080 2750 eius-
1184 2694 1188 2703 ‘

75 2774 202 2866 modi,
237 2794 278 2847 ut
308 2779 524 2848 orationem
583 2799 627 2846 ro
660 2772 846 2846 Marcello
877 2779 961 2847 sine
988 2800 1080 2848 con-

74 2877 260 2946 troversia
298 2878 499 2972 genuinam
540 2803 755 2964 ‹iiclarenn
794 2872 910 2971 longe
950 2889 1079 2947 tamen

76 2970 259 3070 equidem
294 2969 341 3044 ab
374 2971 451 3046 hoc
484 2965 633 3062 absum,
663 2990 718 3042 ut
749 2991 814 3042 eos
847 2971 962 3070 piane
994 2977 1080 3044 reii-

76 3074 189 3142 ciam.
245 3071 344 3142 Cum
370 3075 415 3142 iis
442 3093 643 3167 comparo,
677 3071 743 3168 qui
774 3074 816 3141 in
847 3093 973 3142 rerum
1007 3071 1081 3143 dis-

76 3169 238 3238 crimine
275 3167 451 3246 deserere
488 3168 631 3239 amicos
669 3167 811 3254 scient3
849 3167 888 3239 in
925 3166 1080 3240 fortuna

72 3287 169 3337 vero
202 3265 373 3335 secunda
404 3289 466 3337 ma
494 3290 583 3336 num
621 3264 925 3364 iis'frequentia
962 3263 1079 3336 decus

73 3383 115 3436 et
158 3355 406 3460 splendorem
446 3289 617 3436 aderunt.
688 3365 836 3456 Quare,
881 3365 913 3432 si
957 3369 1079 3436 oratio

71 3481 237 3561 propter
262 3449 354 3532 alias
386 3482 536 3550 causas,
582 3483 675 3560 quas
709 3463 899 3560 graviores
929 3452 1079 3551 imbec,

74 3555 377 3632 condemnanda
414 3558 622 3649 videbitur,
658 3553 713 3630 ilii
754 3579 1000 3658 nequaquam
1040 3561 1080 3632 id
1187 3625 1191 3634 .

69 3656 278 3758 valebunt,
310 3674 352 3728 ut
378 3679 511 3728 eorum
537 3655 615 3729 fide
642 3650 966 3742 absolvatur;·sin
994 3683 1080 3730 eve-

71 3760 175 3846 niet,
220 3774 262 3826 ut
298 3756 376 3827 sive
415 3755 539 3827 omnis
570 3759 648 3827 sive
688 3756 892 3826 maximam
932 3775 1080 3854 partem

72 3856 242 3954 genuina
268 3853 457 3942 videatur,
488 3853 530 3929 id
565 3878 698 3942 eorum
730 3853 957 3928 auctoritate
1000 3881 1080 3926 ma-

30 3954 32 3958 ”
72 3951 269 4052 gis'etiam
296 3951 600 4036 confirmabitur„
680 3979 685 3994 ·
1143 4041 1144 4044 ¹

172 4053 289 4124 Nunc
331 4055 447 4151 igitur
477 4046 648 4150 reperitis
688 4039 779 4142 illis,
807 4055 1079 4150 quaeerjep.
1118 4109 1124 4119 .

627 4151 706 4220 132
1066 4194 1068 4199 ·
