2730 4524
1035 346 1104 414 109

116 519 238 606 1113:
266 512 347 592 Sed
368 533 504 588 tamen
526 542 575 588 ea
592 521 725 588 vicisti
746 569 805 593 ...
831 519 1009 588 animum
1031 537 1103 595 cet.

115 617 178 686 IV.
211 638 270 690 ιιι
301 617 423 685 Huius
448 631 582 688 antem
607 619 668 685 rei
691 633 735 684 tu
761 613 867 684 idem
892 631 932 684 et
956 617 1040 685 dua:
1066 643 1106 689 es

115 729 155 781 et
175 737 300 782 conse-r
328 727 365 780 et
389 709 497 781 ibid:
526 713 637 809 Quae
660 715 819 808 quidem
845 726 963 780 tanta
982 762 991 780 .
1007 761 1040 784 ..
1061 729 1107 784 ot

117 809 218 881 lutee
236 827 306 878 tun
334 826 404 880 eet.
425 825 478 878 et:
508 810 709 905 Quantum
729 807 906 906 operibus
932 818 989 879 .’..
1015 825 1106 878 tan-

115 920 200 993 tum
231 905 374 1004 afferat
411 922 482 976 cet.
527 907 618 1002 quin
648 907 726 976 imo
757 907 804 974 in
833 902 890 973 his
927 901 993 974 ille
1014 929 1106 977 ¹non

114 999 238 1072 solum
265 1019 401 1097 peceat
434 1000 572 1070 eodem
604 1002 740 1090 modo,
777 1023 906 1072 verum
939 1005 1107 1096 peccatis
1142 1057 1143 1060 ,

23 1125 24 1132 ¹
117 1101 230 1168 etiam
258 1097 444 1168 medelam
471 1097 632 1168 eandem
662 1096 827 1168 adhibet.
877 1099 992 1187 Nam,
1020 1123 1108 1170 oum

115 1193 188 1268 illis
209 1199 327 1280 HL‘8:
354 1197 434 1268 Sed
457 1213 588 1263 tamen
617 1215 687 1266 cet.
712 1217 803 1264 vere
821 1198 996 1294 opposita
1016 1200 1105 1269 sinte
1123 1183 1141 1295 ,ί

115 1293 365 1385 Ηοτίίεωυ
387 1317 435 1360 ea
457 1294 600 1371 utristi,
626 1317 728 1387 quae
747 1306 937 1360 naturum
955 1309 996 1360 et
1012 1315 1106 1362 cort-

8 1417 10 1432 ·
116 1390 305 1458 dicionem
346 1387 569 1465 habebant,
609 1405 655 1456 ut
683 1410 767 1456 non
791 1403 947 1485 possent
976 1393 1136 1458 uineis

116 1487 400 1582 grammaticus,
434 1507 483 1552 ne
518 1481 680 1556 absurde
710 1482 932 1582 loqueretur
962 1508 985 1552 a
1016 1507 1107 1556 con-

115 1585 385 1678 trapositorum
424 1577 569 1676 legibus
608 1580 786 1652 aberrans
822 1603 891 1679 pro
931 1581 976 1650 iis
1008 1579 1107 1656 haec

114 1682 262 1776 posuit:
302 1679 510 1748 Animum.
531 1681 695 1749 sincere
711 1661 820 1764 ’θεὴ
864 1677 983 1774 idque
1026 1703 1106 1776 quo
1160 1699 1163 1707 ’

116 1779 240 1846 minus
262 1772 631 1870 deprehenderetur,
659 1774 756 1846 haee
775 1778 979 1848 interiecit:
1006 1775 1107 1847 Nul-

116 1872 163 1942 la
190 1890 243 1943 est
270 1873 390 1940 enim
414 1889 485 1942 cet.
538 1870 656 1962 Quod
680 1896 811 1969 prosus
837 1871 939 1967 idem
963 1869 1130 1944 factum¹

115 1968 289 2040 videmus
314 1972 351 2036 in
379 1991 409 2038 e.
436 1969 496 2039 IV.
526 1991 585 2039 11:
624 1971 735 2066 Quae
760 1971 916 2066 quidem
948 1972 1020 2062 (sc,
1046 1992 1107 2042 res

117 2089 186 2136 sen
204 2066 388 2132 restitutio
407 2061 596 2159 Marcelli)
625 2082 741 2134 tanta
761 2082 832 2145 est,
860 2081 904 2135 ut
930 2084 1001 2137 cet.
1023 2069 1107 2163 qui-

117 2159 191 2232 bus
216 2163 363 2257 opponi
387 2158 574 2231 debebat:
600 2165 681 2256 Ipsi
692 2163 800 2234 'vero
828 2166 872 2253 (i.
901 2185 942 2239 e.¹
959 2167 1108 2234 restitu-

118 2262 214 2330 tioni
242 2255 432 2348 Marcelli)
458 2258 568 2328 nulla
587 2267 763 2350 unquam
781 2259 960 2329 allatura
975 2260 1107 2356 finem

117 2359 169 2426 sit
194 2357 347 2425 naresi!
372 2353 438 2424 sed
465 2359 742 2450 grammaticus,
769 2354 846 2427 hoc
872 2355 1028 2454 quidem
1051 2361 1109 2454 ip·

83 2499 86 2518 .
118 2451 163 2524 se
188 2455 296 2522 nimis
321 2455 489 2548 ineptum
516 2475 597 2523 esse
622 2452 869 2541 subsentiens,
898 2451 1019 2543 aliena
1036 2456 1113 2525 ista·
1142 2452 1144 2456 ’

121 2570 199 2621 nee
223 2547 341 2618 multo
368 2552 488 2618 minus
513 2552 643 2646 inepta
670 2549 794 2623 dedit:
822 2552 889 2621 At
911 2550 1011 2620 haee
1036 2568 1108 2620 tun

118 2650 291 2734 iustitia,
318 2649 361 2717 iis
388 2649 501 2716 etiam
521 2645 659 2718 callide
685 2649 758 2718 alia
778 2645 968 2745 quaedam
992 2669 1108 2740 roca·
1201 2685 1204 2693 =

119 2739 214 2813 bulo
247 2749 349 2812 enim
378 2746 627 2816 interiieiens:
658 2745 776 2818 Nihil
806 2747 929 2814 enim
954 2761 1014 2814 est·
1034 2763 1106 2815 cer.

118 2841 162 2910 in
194 2862 271 2938 quo
303 2838 681 2913 animadvertendum
706 2860 779 2931 est,
798 2839 923 2940 1quod
947 2844 1109 2912 Laetan-

118 2938 193 3007 tius
223 2944 315 3024 1.·9.
346 2938 462 3012 rerba
494 2963 575 3036 cap.
611 2941 673 3011 ΙΙΙ.
711 2937 744 3027 8
776 2935 954 3028 laudans,
989 2943 1036 3010 in
1064 2942 1107 3010 iis

121 3037 237 3104 etiam
263 3057 307 3103 ut
332 3033 462 3108 habet:
490 3039 533 3106 A
541 3055 558 3106 t
583 3035 763 3106 animum
787 3039 950 3106 vincere
977 3053 1048 3108 cet.
1110 3116 1114 3130 Ι

218 3129 294 3220 Sed
319 3135 395 3200 iarn
418 3133 553 3202 videor
577 3131 669 3202 mihi
699 3131 815 3202 finem
845 3131 971 3202 facere
995 3151 1109 3227 posse

121 3225 412 3318 dissertationis,
439 3253 541 3316 cum,
569 3228 674 3328 quod
696 3247 776 3298 erat
794 3231 1043 3324 propositum,
1070 3247 1109 3300 et

120 3341 346 3424 argumenta
372 3324 421 3396 de
447 3329 620 3397 oratione
651 3343 780 3395 nostra
806 3323 954 3420 prolata
979 3329 1109 3414 omnia

118 3419 405 3522 percen'sue'rim
434 3441 482 3511 et,
508 3422 611 3520 quod
635 3426 676 3494 in
694 3426 775 3519 ipsa
797 3439 862 3510 est,
891 3426 1037 3518 generis
1056 3422 1121 3492 di-·

122 3517 237 3591 cendi
262 3523 458 3614 specimen
481 3536 542 3591 sat·
561 3517 717 3617 longum
744 3517 936 3590 dederim
980 3521 1110 3591 Meam

120 3639 213 3709 vero
247 3614 295 3686 de
326 3613 399 3688 hac
430 3641 471 3688 re
501 3624 727 3688 sententiam
757 3641 834 3709 non
866 3618 994 3713 putavi
1018 3618 1111 3688 mihi
1159 3616 1163 3624 ’
1197 3627 1199 3632 ’

120 3716 162 3784 in
192 3732 271 3784 tota
303 3717 476 3784 oratione
508 3737 588 3784 esse
621 3713 906 3811 exponendam,
953 3714 1121 3811 quando·

97 3814 310 3905 ¹cognosci·
336 3829 374 3882 et
402 3801 563 3883 iudicari
591 3810 654 3882 vel
686 3833 734 3880 ex
763 3809 819 3881 his
846 3811 896 3883 IV
922 3811 1109 3908 capitibus

142 3905 266 3998 otest,
302 3909 407 4006 quod
431 3913 469 3980 in
494 3911 709 4008 prae-sentia
739 3929 855 3976 unum
888 3907 1003 3981 volui.
1066 3909 1111 3979 Si

121 3931 237 4076 Firmis
263 4011 508 4102 argumentis,
544 4033 625 4081 non
655 4029 736 4080 esse
766 4003 928 4102 probam
952 4003 1123 4077 demon-2
