2702 4548
1093 367 1137 426 nt

143 568 195 644 sit
234 543 336 661 lieri,
379 564 510 644 omnis
544 535 721 644 tollatur.
792 559 926 673 Atque
949 539 1059 646 ¹isto's
1085 537 1137 645 'lt-

22 722 28 733 ‘
143 685 237 766 bros
270 691 398 768 oratio
428 715 503 795 pro
534 687 725 768 Marcello
756 686 865 770 haud
896 686 1015 768 dubie
1049 707 1138 769 tum

141 816 318 890 maximo
350 838 518 890 numero
557 809 792 912 hominum,
840 810 893 891 ad
931 837 1037 926 quos
1073 839 1138 892 res
1205 911 1207 922 Ι

31 951 33 956 '
143 943 305 1033 attinet,
354 953 440 1014 tum
477 932 803 1042 splendidissimis
843 935 1058 1018 doctorum
1087 939 1140 1015 vi·

142 1084 299 1158 rorum,
347 1063 419 1168 qui
457 1057 508 1140 de
548 1086 595 1138 ea
634 1058 923 1169 disceptavere,
969 1063 1140 1140 nomini-

133 1181 239 1300 ¹bus,
282 1199 368 1261 tum
398 1187 524 1290 ipsius
556 1183 854 1294 disceptationis
892 1182 1141 1272 vehementia
1201 1231 1204 1241 ·

144 1319 185 1386 et
227 1311 383 1386 ratione
418 1305 731 1414 ,impeditissima
781 1333 924 1386 omnes
963 1326 1167 1415 superat.¹

143 1429 394 1539 Quanquam
432 1435 538 1508 enim
585 1429 655 1508 W
653 1412 705 1507 ol
698 1431 755 1536 fi
764 1457 818 1508 us
854 1431 926 1510 Vir
963 1429 1141 1510 doctissi·

132 1571 251 1634 -mus'
268 1571 309 1634 et
338 1552 675 1661 praeclarissimus
715 1579 832 1633 suam
864 1558 948 1633 eius
981 1557 1143 1633 accusa·

146 1684 298 1756 tionem
329 1681 615 1758 severissimam
660 1673 729 1787 (ci.
753 1683 866 1757 eius:
913 1679 975 1755 M.
1014 1675 1111 1756 Tull

147 1799 381 1892 Ciceronis,
415 1814 527 1910 quoe
544 1795 689 1910 'vulgo
710 1795 872 1904 fertur,
905 1809 1144 1878 orationem

12 2025 14 2030 Ι
139 1917 218 2032 pro
248 1926 309 2039 Μ.
333 1923 552 2002 Marcello.
584 1922 725 2003 Berol.
757 1950 866 2003 clato
878 1919 1025 2044 occu.)
1059 1949 1144 2002 tna·

145 2056 252 2126 xima
268 2064 308 2125 et
322 2047 442 2153 plane
460 2046 647 2155 singulari
672 2053 887 2154 sagacitate
910 2049 1079 2126 instituit
1104 2061 1145 2126 et

63 2238 67 2245 .
147 2171 350 2264 doctrina;
383 2188 559 2274 attamen
589 2189 749 2250 tantum
774 2168 906 2268 abest,
939 2187 988 2249 ut
1017 2175 1146 2250 omni*

96 2293 224 2373 “bus
258 2299 485 2372 orationem
525 2295 823 2401 supposititiam
862 2319 949 2372 esse
979 2299 1144 2401 persuass

148 2422 262 2512 serit,
303 2435 349 2494 ut
379 2422 500 2523 pauci
531 2416 770 2517 admodum,
811 2436 857 2497 ut
886 2415 1059 2528 videtur,
1107 2421 1145 2496 ei
1188 2444 1195 2466 ¹

146 2566 311 2649 prorsus
344 2545 578 2637 assentiant3
609 2541 730 2646 longe
751 2541 910 2650 plurimi
934 2559 1015 2638 aut,
1045 2539 1145 2648 quid
1203 2529 1239 2591 ¹,

149 2665 200 2743 de
231 2675 279 2741 re'
303 2663 535 2743 habendum
565 2670 635 2764 sit,
677 2661 861 2749 dubitent
891 2669 1143 2763 etiamnunc,

149 2806 220 2867 aut
251 2784 355 2867 adeo
387 2785 562 2887 firmiter,
596 2789 718 2868 illam
733 2795 880 2869 iniuste
915 2806 1147 2868 accusatam

147 2909 322 3020 vereque
354 2908 504 2990 bonam
545 2929 586 2991 et
615 2912 844 2993 Tullianam
885 2923 1147 3024 esse'cense-
1207 2955 1209 2962 =

102 3123 113 3146 Ι,
151 3027 256 3116 ant(
292 3037 438 3144 Neque
466 3034 509 3117 id
538 3041 698 3118 mirum.
751 3039 860 3118 Nam
889 3042 925 3117 si
956 3061 1028 3115 eos
1057 3042 1148 3116 mit·

148 3166 290 3256 timus,
323 3164 395 3266 qui
426 3162 591 3241 omnino
623 3187 772 3260 errare,
814 3187 939 3269 quam
969 3187 1058 3239 sese
1089 3187 1148 3236 er-

151 3305 262 3361 rasse
297 3281 514 3389 intelligere
553 3282 814 3393 confiterique
853 3282 1030 3381 malunt,
1075 3281 1148 3362 ho-

149 3411 279 3486 mines
309 3430 394 3482 non
422 3408 614 3504 veritatis,
659 3406 732 3486 sed
769 3414 832 3486 sui
866 3406 1056 3516 cupidos3
1105 3425 1149 3486 at

153 3533 315 3627 omnes,
350 3553 457 3635 quae
487 3527 672 3608 admirari
703 3536 979 3610 consuevimus
1012 3557 1060 3610 ae
1091 3528 1149 3610 di·

143 3653 290 3762 ligere,
321 3655 485 3732 nonnisi
516 3658 731 3760 aegerrime
761 3681 836 3762 pro
861 3655 975 3734 malis
999 3651 1148 3734 habere

153 3796 194 3857 et
225 3794 484 3856 contemnere
514 3773 715 3858 discimus.
778 3779 903 3888 Atqui
928 3777 1148 3873 Marcellia-

153 3927 209 3978 na
236 3899 338 3981 haec
369 3919 430 3981 est
461 3906 610 4003 oratio,
639 3929 768 4011 ¹quam
792 3927 934 3982 omnes
966 3907 1149 4014 omnium
1220 3913 1223 3922 ’

155 4023 383 4106 seculorum
411 4023 595 4110 homines
636 4032 854 4108 acutissimi
893 4046 934 4106 et
972 4025 1150 4105 doctissi-
