2702 4548
942 311 945 320 .
1058 355 1112 424 a

118 541 335 612 videatur.-
380 561 521 638 pugno
566 553 639 608 cer.
712 533 819 606 Alter
865 557 957 608 vero
1004 533 1115 608 locus

117 634 269 731 (famm.
296 639 368 725 IX,
400 639 474 725 16.)
500 635 658 704 minime
684 632 733 703 ad
759 656 829 705 nos
856 637 999 723 attinet,
1027 656 1115 724 cum

54 761 58 768 ·
115 733 459 832 nondih'gentiae
489 734 591 804 istius
621 727 824 804 Tullianae
854 728 1019 801 fructum
1052 754 1116 802 ex-

116 823 267 920 hibeat3
312 831 380 903 sed
416 847 563 900 tanturn
602 831 793 926 egregiam
832 828 1002 904 Caesaris
1038 831 1116 902 vim

114 929 253 1002 iudicii
279 926 513 1026 comprobet.

218 1027 330 1118 Quae
355 1043 582 1125 sequuntur:
609 1021 795 1115 „Deinde
817 1045 983 1097 vero...
1009 1019 1117 1094 abiu·
1187 1070 1190 1076 -

117 1122 278 1197 dicaret.
292 1132 314 1168 “
344 1149 425 1195 non
453 1141 567 1219 egent
592 1123 867 1220 disputatione
894 1121 986 1195 licet
1012 1125 1117 1193 enim

116 1225 240 1293 minus
260 1225 432 1310 sciamus,
450 1223 536 1319 qul,
564 1238 602 1291 at
628 1239 741 1309 certe,
769 1219 860 1320 quid
887 1218 1031 1290 factum
1055 1221 1114 1310 sit,

118 1322 263 1418 optime
286 1319 472 1392 docemur
498 1320 612 1414 copia
635 1315 819 1387 librorum
845 1315 913 1387 illo
940 1336 1116 1414 tempore

119 1435 158 1489 et
182 1435 335 1506 nostro,
361 1441 441 1487 non
466 1419 545 1485 veri
572 1417 753 1502 auctoris,
780 1413 849 1486 sed
877 1412 969 1485 alius
996 1417 1117 1485 cuius-
1149 1483 1154 1498 ι

117 1517 222 1612 piam
244 1537 276 1584 e.
300 1539 333 1610 g.
353 1511 520 1610 Sulpicii,
541 1514 723 1601 Caesaris,
743 1513 942 1583 Ciceronis
962 1529 1030 1583 cet.
1047 1534 1118 1583 no·

118 1612 225 1681 mine
249 1635 445 1708 perperam
473 1613 751 1707 inscriptorum,
780 1606 827 1682 cl.
854 1609 962 1700 „Cic
990 1607 1040 1680 de
1067 1603 1115 1681 cl.

121 1726 215 1779 orat.
243 1731 324 1806 cap.
351 1721 398 1781 26
425 1727 462 1780 et
486 1721 544 1794 56.
571 1709 671 1780 Suet.
701 1708 808 1780 Caes.
837 1731 920 1805 cap.
947 1721 1006 1791 55.
1017 1713 1040 1751 “
1078 1722 1117 1778 et

116 1803 237 1887 Wolf.
263 1810 303 1877 in
322 1805 479 1905 praelat.
501 1805 550 1876 ad
570 1806 648 1878 Cic.
667 1825 776 1877 oratt.
798 1807 858 1876 lV.
878 1807 1013 1902 p..xx
1030 1829 1114 1902 sqq.

213 1903 264 1974 At
305 1903 482 1993 „Tullius
528 1904 624 1974 obiit
660 1899 795 1974 relicto
832 1899 935 1991 lilio,
979 1900 1114 1974 relicto

117 2003 281 2090 Tirone,
314 1999 418 2073 salvo
444 2003 571 2072 Attico
597 2026 666 2072 suo
695 2019 733 2072 et
758 2003 933 2072 Varrone
958 2001 997 2070 et
1020 1997 1116 2069 rnul-

117 2101 164 2170 tis
191 2097 273 2168 aliis
297 2097 359 2167 vel
385 2102 515 2169 amicis
540 2097 600 2166 vel
627 2096 834 2194 discipulis.
845 2105 866 2140 “
915 2100 999 2167 Nec
1023 2118 1115 2168 vero

121 2197 338 2291 quisquam,
372 2193 476 2292 quod
509 2197 608 2282 scio,
635 2199 761 2265 statim
788 2209 828 2264 ut
852 2191 916 2264 ille
942 2193 1112 2284 obiisset,

122 2295 157 2362 ei
181 2289 299 2363 libros
325 2289 420 2362 falso
448 2291 658 2389 adscriptos
685 2314 767 2363 esse
793 2288 1007 2376 affirmavit;
1045 2290 1116 2363 sed

120 2392 221 2460 enirn
258 2391 357 2460 inter
395 2393 475 2461 eius
506 2407 669 2459 mortem
704 2407 741 2460 et
764 2391 969 2462 Asconium
1009 2414 1115 2462 com-

57 2557 60 2564 ,
116 2489 326 2558 montarios
349 2486 590 2559 scribentem
626 2512 749 2586 prope
781 2489 827 2577 C,
866 2487 914 2559 ab
955 2489 1116 2585 eiusque

118 2588 266 2672 amicis,
306 2587 448 2676 Attico,
489 2591 677 2674 Varrone,
715 2584 879 2656 Messala
910 2604 982 2658 cet.
1009 2609 1115 2696 ¹mor-

118 2685 190 2754 tuis
217 2680 456 2755 ad'eundem
488 2687 517 2755 L
549 2683 631 2755 fere
657 2703 721 2754 aut
744 2686 812 2754 LX
838 2685 1117 2780 praeterierunt

118 2782 225 2870 anni,
268 2799 326 2872 sat
362 2781 521 2880 longum
554 2800 722 2879 tempus,
763 2784 918 2878 opinor,
956 2783 996 2851 in
1063 2804 1113 2853 uo

116 2875 271 2950 fraudes
306 2883 346 2949 in
386 2878 489 2952 libris
526 2881 723 2950 Ciceronis
757 2877 856 2949 bene
882 2807 1116 2950 multaeqfie-

115 2977 219 3047 rent!
268 2977 371 3068 Quin
397 2999 460 3049 eas
487 2980 602 3047 etiam
627 2973 698 3047 illis
724 2978 812 3048 vivis
838 2980 1008 3076 poluisse
1032 2975 1116 3048 fieri

117 3070 313 3146 affirmem.
356 3073 467 3170 'Quid
498 3072 624 3145 eninr?
663 3098 749 3144 curn
776 3099 909 3146 eorum
934 3070 1116 3174 pars'pu·

115 3167 242 3258 blicis,
286 3169 373 3269 pars
408 3178 483 3243 suis
521 3175 691 3269 ipsorum
728 3176 879 3272 privatis
917 3173 1031 3244 rebus
1074 3174 1116 3241 in

115 3264 274 3338 turbido
298 3265 365 3338 illo
392 3268 650 3365 gubernandis
678 3274 960 3368 occupatissimi
990 3287 1116 3340 essent

116 3387 164 3441 ac
199 3362 472 3436 distentissirni:
511 3391 604 3437 num
628 3367 860 3457 mirandum,
885 3371 937 3456 si,
962 3370 1003 3436 in
1028 3390 1116 3464 pro-

114 3465 243 3534 vincia
276 3457 437 3534 fortasse
476 3464 604 3564 aliqua
637 3465 856 3536 confectum
888 3465 1115 3561 opusculum

116 3585 135 3629 a
163 3558 356 3633 nonnullis
382 3563 562 3634 Ciceroni
589 3561 754 3635 adscribi
786 3580 851 3632 aut
874 3565 1111 3660 ignorarent,

116 3658 182 3728 aut
222 3657 357 3729 saltem
401 3683 481 3730 non
524 3663 702 3750 intentius
749 3659 790 3730 id
833 3663 1113 3759 supposititium

115 3779 198 3827 esse
234 3756 533 3829 convincerent?
584 3763 632 3830 Et
662 3757 742 3848 fac,
780 3763 962 3830 exstitisse
993 3784 1114 3829 unum

40 3885 43 3892 ·
115 3851 299 3950 aliquem,
335 3857 401 3954 qui
433 3874 471 3926 et
502 3855 698 3954 detegeret
723 3853 896 3928 fraudem
924 3875 962 3926 et
983 3857 1113 3927 redar-

113 3967 265 4047 gueret:
302 3977 383 4023 non
415 3971 496 4025 erat
526 3953 762 4053 temporibus
791 3953 863 4025 illis
888 3954 985 4026 haec
1009 3953 1111 4044 legio

115 4046 408 4147 eplremeridurn
446 4049 715 4146 literariarum,
761 4075 862 4154 quae
901 4049 1009 4122 docti
1041 4047 1113 4117 viri
