2730 4524
1071 339 1134 390 101

144 504 239 578 lium
262 507 439 582 locorum
463 509 525 581 vel
549 515 734 582 maximus
758 511 936 582 numerus
962 535 1041 582 non
1068 509 1136 583 do-

146 624 225 694 cet,
262 610 315 676 ita
352 605 553 705 loquutum
596 632 677 679 esse
717 611 962 697 Ciceronem,
1007 633 1136 707 neque

144 699 281 793 efficit,
312 718 351 774 ut
375 703 470 774 illud
495 723 642 777 servato
668 706 783 778 virilis
804 704 1049 802 eloquentiae
1072 732 1135 801 pu-

146 797 243 868 dore
270 801 413 873 dictum
436 802 621 875 videatur.
675 806 792 892 Nam,
825 821 866 872 ut
889 800 1007 875 verbo
1033 827 1136 874 con·

144 893 294 1061 plectar
317 901 460 988 omnia,
498 898 603 969 aliud
631 918 702 989 est,
742 903 957 969 inanimatis
982 923 1135 971 sensnm

173 996 313 1066 ominis
341 996 528 1084 tribuere3
561 995 681 1082 aliud,
713 997 883 1069 adiicere
910 994 1064 1089 linguae
1097 1015 1136 1067 et

145 1095 326 1163 oration-is
350 1109 477 1181 usum,
513 1111 552 1164 et
583 1117 850 1192 quaecumque
880 1091 1058 1164 homines
1080 1091 1136 1164 fa-

146 1188 262 1260 cimus
287 1193 328 1259 in
352 1194 470 1260 sensis
497 1192 613 1259 animi
633 1189 899 1285 exprimendis.
949 1195 1009 1261 lta·
1032 1194 1136 1261 enirn

144 1289 245 1357 ratio
280 1303 336 1357 est
373 1304 612 1382 comparata,
649 1305 708 1375 ut,
751 1289 784 1356 si
815 1285 891 1354 hoc
920 1290 960 1355 in
993 1310 1136 1383 genere

141 1405 262 1452 unum
289 1382 448 1479 gradum
474 1381 681 1470 addideris,
708 1405 824 1478 saepe
848 1379 906 1467 id,
936 1383 1042 1480 quod
1069 1409 1134 1454 an·
1168 1391 1174 1402 '

139 1493 208 1550 'tea
231 1476 396 1550 sublime
419 1495 516 1569 erat,
542 1477 725 1551 insulsum
752 1499 789 1552 et
804 1475 974 1549 ioculare
997 1477 1082 1551 fiat.
1098 1504 1133 1556 .·.

141 1578 260 1673 igitur
283 1575 435 1672 negabo
462 1594 501 1648 et
523 1575 763 1674 pernegabo,
794 1579 903 1647 istam
927 1577 1135 1672 imaginem

141 1697 224 1744 non
242 1672 366 1744 modo
382 1676 673 1746 Ciceronianam
693 1697 786 1763 esse,
812 1671 882 1744 sed
901 1671 1027 1763 talem,
1056 1693 1133 1746 tam
1227 1705 1230 1712 ¹

145 1769 349 1859 audacem,
382 1795 438 1842 ne
457 1770 560 1870 apud
584 1768 702 1841 ullum
727 1768 884 1872 quidem
906 1775 1135 1868 scriptorem

144 1887 192 1936 ex
214 1866 285 1939 illo
310 1871 566 1968 antiquiorum
591 1885 630 1938 et
655 1866 898 1940 classicorum
914 1869 1050 1939 ordine
1076 1893 1134 1939 re·

141 1964 296 2060 periri.’'
322 1983 393 2036 cet.
421 1963 538 2037 Wolf.
589 1963 781 2061 Relinquo
807 1963 906 2036 haec
929 1967 1015 2034 viris
1042 1964 1134 2037 doc-

142 2062 188 2128 tis
212 2058 421 2131 iudicanda
438 2083 579 2160 meque
599 2063 781 2132 contineo
798 2063 842 2130 in
859 2083 922 2148 eo,
949 2079 991 2131 ut
1006 2085 1134 2134 meam

144 2153 194 2225 de
242 2153 332 2227 loco
383 2161 609 2228 sententiam
650 2155 788 2246 feram,
843 2159 1021 2227 nimirum
1068 2156 1134 2231 hic
1175 2175 1179 2186 ·

143 2253 261 2322 etiarn
295 2277 391 2342 non,
438 2254 534 2351 quid·
566 2277 636 2324 nos
676 2253 819 2324 bonum
851 2277 898 2326 ac
957 2253 1132 2328 robabile

143 2346 344 2437 ducamus,
370 2349 440 2420 sed
465 2349 558 2448 quid
583 2353 765 2423 Romanis
792 2371 830 2424 et
848 2355 913 2451 qui
944 2375 1005 2421 em
1024 2353 1135 2425 Cice-
1203 2394 1208 2403 ·

140 2450 366 2518 ronis‘aero
391 2447 595 2546 probatum
618 2446 748 2538 luerit,
781 2471 863 2519 esse
889 2448 1134 2522 consid-eran·

142 2543 244 2614 dum.
294 2547 410 2642 Atqui
441 2545 544 2644 apud
576 2565 675 2617 auct.
709 2545 759 2616 ad
789 2541 955 2630 Herenn.
981 2547 1044 2635 tv,
1070 2561 1132 2634 53.

139 2639 239 2713 haec
262 2639 441 2740 legimus:
471 2643 747 2736 Conformcztio'
772 2659 842 2722 est,
872 2669 965 2712 curn·
1073 2667 1133 2714 res

142 2756 275 2810 muto·
296 2755 370 2810 aut
394 2740 616 2834 infer-mis
631 2738 706 2835 sic
729 2739 953 2836 eloquens
982 2739 1132 2834 erfor-

141 2852 258 2906 mata*
279 2853 322 2906 ec
349 2841 396 2907 ei
424 2840 584 2907 oratio
616 2836 920 2907 attribuitur·
942 2836 1007 2905 ard
1028 2837 1131 2935 clig-

142 2937 346 3003 nita·tem
377 2933 683 3005 accommodata
714 2949 789 3002 auc
819 2936 952 3003 actio
985 2958 1131 3031 quere-
1184 3015 1188 3026 Ι

144 3028 247 3098 dam
272 3045 344 3102 cet.
381 3047 425 3100 et·
450 3027 552 3128 apud
578 3030 658 3101 Cic.
686 3033 753 3104 Or.
779 3032 866 3102 XL:
911 3033 976 3102 Sis
1006 3034 1131 3128 igitar

144 3127 247 3194 tlicet
282 3125 365 3203 alla,
410 3152 528 3224 quem
564 3131 786 3224 expetimus
819 3177 879 3200 ...
916 3143 962 3195 ut
1004 3143 1131 3194 muta

145 3221 340 3317 quaedam
363 3220 617 3318 loquentia
641 3224 819 3294 inducat.
870 3219 931 3289 Ad
951 3222 1132 3316 quaevix
1193 3297 1196 3308 ,

120 3335 316 3416 apparet,
348 3316 456 3414 quid
491 3320 590 3389 viros
632 3317 767 3387 doctos
804 3335 934 3387 nostro
967 3320 1006 3386 in
1038 3315 1131 3388 loco
1224 3349 1227 3356 ·

141 3431 342 3510 tantopere
368 3410 568 3503 offendat,
585 3418 626 3483 in
653 3431 729 3512 quo
756 3415 913 3484 nonnisi·
940 3411 1131 3509 legamust

138 3515 328 3608 parietes,
346 3527 348 3534 ⁴
369 3527 418 3579 ut
442 3512 560 3581 milri
582 3515 633 3580 vi
640 3513 803 3591 detur,
839 3513 1010 3610 gratius,
1049 3534 1132 3583 non

143 3623 293 3706 aguam
316 3605 391 3678 'sed
425 3631 544 3705 agere
574 3610 800 3706 gestiunt.
862 3607 972 3699 Quae
1004 3624 1084 3678 turn
1109 3633 1133 3680 a

141 3720 286 3774 summa
311 3708 383 3800 ista
406 3701 560 3777 licentia
578 3698 690 3801 (qua
714 3708 824 3774 mutis
850 3726 930 3776 non
945 3704 1133 3802 ‘simplici-

143 3815 201 3869 ter
217 3807 324 3872 actio
350 3818 388 3872 et
407 3804 560 3881 oracio,
583 3799 653 3870 sed
672 3805 810 3871 oracio·
822 3800 1060 3873 tribuebatur
1078 3799 1137 3871 ad

143 3896 379 3992 dignitatem
408 3899 750 3989 accommodarem)
776 3898 951 3969 nonnihil
983 3901 1133 3984 absunt,
1188 3911 1190 3917 ’

121 4009 225 4064 tum
248 3993 309 4065 vel
332 3999 498 4068 maxime
524 3991 782 4069 defenduntur
813 3995 997 4094 exemplis
1030 4007 1134 4066 com·
1202 3995 1206 4021 ⁵
