2702 4548
283 362 308 410 2
418 429 420 436 ,

283 515 451 629 Itaque,
470 543 567 600 ,cum
596 551 730 598 omnes
758 544 856 600 aute
879 555 944 601 me
968 533 1104 630 rogati
1125 534 1289 630 gratias

285 628 448 716 Caesari
487 631 678 724 egissent,
718 627 883 720 praeter
926 627 972 697 V
969 626 1181 708 olearium,
1227 634 1290 713 (is

123 815 131 832 ι
168 758 171 767 s
220 809 223 816 ,
284 728 470 796 enimait
489 749 535 794 en
555 721 642 792 loeo
662 725 821 818 negarit
845 746 885 792 se
893 722 1104 818 facturum
1113 724 1287 821 fuisse),

283 847 358 920 ego
389 839 551 919 rogatus
577 821 727 887 mutati
751 842 879 887 meum
905 820 1120 892 consilium.
1170 823 1290 894 Num

282 935 523 995 statueram,
551 941 632 984 rrou
658 912 877 984 mehercule
907 919 1079 998 t'nertia,
1115 919 1186 989 sed
1213 921 1288 990 de·

282 1015 426 1086 siderio
460 1014 656 1109 pristinae
686 1011 924 1110 dignitatis,
967 1015 1011 1080 iu
1044 1031 1289 1112 perpetuum

283 1126 428 1180 tacere.
471 1111 613 1208 Fregit
629 1107 705 1178 hoa
729 1133 859 1178 meum
886 1107 1095 1180 consilium
1121 1126 1162 1179 et
1183 1111 1287 1184 Cae-

281 1211 379 1279 saris
403 1205 637 1306 magnitudo
668 1199 796 1276 animi
831 1222 873 1276 et
899 1223 1059 1276 senatus
1089 1205 1282 1303 efficium.

281 1306 428 1403 Itaque
480 1302 698 1400 pluribus
746 1302 908 1377 uerbis
956 1303 1287 1398 egi‘Caesari

280 1404 498 1499 gratias:
529 1424 666 1498 meque
697 1416 830 1469 metuo
871 1425 923 1469 ne
956 1403 1080 1469 etiam
1108 1401 1152 1468 iu
1177 1417 1282 1470 cete·

198 1574 201 1581 ¹
283 1500 336 1566 ris
363 1497 475 1568 rebus
501 1496 665 1567 honesto
691 1498 774 1565 otio
802 1499 1013 1594 privarim;
1054 1495 1161 1594 quoti
1188 1514 1283 1566 erat

281 1577 615 1664 uuamsslattum
641 1595 685 1661 in
711 1591 831 1664 malis,
872 1607 944 1664 cet.
973 1591 1187 1664 Clarissima
1212 1615 1276 1758 αἱ)-

281 1708 392 1788 paret
415 1697 465 1760 'eit
488 1688 564 1780 his,
593 1690 822 1760 Ciceronem
846 1689 999 1760 Caesari
1026 1689 1075 1762 de
1096 1686 1237 1762 Marcel
1254 1707 1280 1761 ο
1329 1700 1330 1710 ’

279 1791 463 1860 reamare·
481 1789 618 1885 gratias
645 1792 781 1884 egisse;
815 1801 853 1856 at
882 1807 973 1878 vere
1008 1787 1110 1861 hanc
1141 1790 1283 1858 oratio·

170 1943 173 1956 .
277 1905 384 1974 nem,
410 1903 557 1957 tantum
584 1883 701 1974 abest,
722 1899 765 1956 ut
789 1907 921 1957 omnes
943 1885 1101 1962 credant
1125 1886 1171 1956 iis
1190 1881 1284 1955 Tul-

282 1981 426 2058 lianam
459 1981 673 2072 declarari,·
691 1977 745 2054 'ut
778 1986 857 2054 eius
891 1983 1110 2074 adversarii,
1143 1985 1284 2082 partim

270 2079 334 2152 *ad
370 2077 442 2152 has'
473 2085 572 2178 ipsas
610 2079 739 2152 literas
773 2105 794 2150 a
826 2079 979 2153 rhetore
1017 2080 1147 2180 aliquo
1189 2103 1285 2153 con-

281 2181 462 2276 scriptam
489 2198 679 2269 censeant,
706 2175 844 2272 (Wolf.
865 2199 950 2279 pag.
969 2179 1114 2274 XXV.)
1140 2180 1285 2278 partim

280 2279 329 2348 iis
370 2277 605 2372 potissimum
649 2273 779 2348 falsam
827 2294 866 2349 et
906 2275 1134 2349 subditivam
1174 2280 1285 2373 argui

285 2371 431 2463 dicant,
466 2371 570 2444 velut
599 2373 857 2471 Spaldingius,
901 2378 1006 2448 cuius
1032 2373 1129 2447 haec
1162 2373 1285 2446 verba

283 2485 372 2544 sunt
394 2472 435 2540 in
459 2469 559 2544 libro
585 2468 609 2542 l.
629 2485 714 2568 pag.
735 2491 781 2557 79
796 2489 840 2542 et
856 2484 934 2559 goa
975 2470 1096 2560 „Mihi
1150 2470 1285 2542 uidam

282 2573 324 2642 in
361 2566 670 2668 frequentissimo
707 2568 816 2638 huius
857 2567 1062 2658 formulae,
1098 2497 1284 2667 pluribus

283 2667 438 2745 uerbis,
465 2667 595 2737 multis
619 2665 771 2745 verbis,
812 2683 882 2738 usu
911 2669 973 2737 vix
997 2663 1095 2738 ullus
1122 2665 1285 2737 demon-

283 2765 392 2835 strari
417 2781 528 2861 posse
552 2762 660 2836 locus
685 2762 854 2854 videtur,
888 2761 955 2834 ubi
985 2763 1110 2836 sermo
1136 2780 1284 2854 tantus,

284 2879 448 2958 quantus
474 2858 592 2933 efficit
617 2864 842 2952 orationem,
870 2860 1071 2934 indicetur.
1086 2914 1118 2934 ..
1156 2863 1286 2958 Negat

282 2978 377 3029 sane
401 2957 615 3046 Wormius‚
651 2963 683 3030 si
714 2958 806 3058 quid
838 2959 957 3030 modo
990 2953 1284 3050 blanditiarum,
1330 2951 1331 3024 l

284 3054 511 3127 demerendi
530 3057 701 3128 Caesaris
726 3079 857 3141 causa,
880 3061 922 3128 in
946 3075 1080 3129 senatu
1106 3079 1285 3154 exprom-

283 3155 391 3226 slsset
417 3153 571 3243 Cicero,
597 3147 713 3224 fuisse
739 3173 855 3253 quare
880 3176 920 3226 se
945 3155 1019 3225 sibi
1044 3153 1196 3226 silentii.
1212 3177 1285 3252 op-

283 3255 558 3352 portunitatem
589 3254 629 3320 in
659 3269 852 3348 posterum
885 3252 1082 3326 abstulisse
1114 3252 1281 3340 diceret-3

221 3380 223 3384 ¹
282 3351 396 3446 igitur
434 3346 495 3421 vel
533 3347 609 3419 hoe
648 3343 834 3447 epistolae
865 3348 964 3423 illius
1001 3356 1066 3446 (a,
1097 3354 1134 3445 4)
1175 3349 1282 3422 dicto

211 3517 212 3522 a
284 3465 440 3518 omnem
456 3448 611 3546 nimiam
630 3451 842 3520 sententiae
867 3453 908 3520 in
927 3451 1040 3520 Curia
1064 3447 1166 3520 latae
1193 3445 1283 3518 bre-

277 3544 437 3615 'vitatem
469 3543 633 3619 excludi.
693 3545 772 3618 Sed
805 3545 881 3619 hoc
914 3565 1159 3646 nequaquam
1221 3565 1283 3616 en-

179 3729 191 3738 ·
277 3639 430 3712 suadet.
479 3641 514 3712 is
541 3647 660 3733 enirn,
694 3648 760 3742 qui
785 3643 912 3715 adhuc
939 3641 1141 3715 obfirmato
1167 3569 1283 3714 silen-

283 3740 339 3809 tio
376 3739 545 3809 animum
582 3736 805 3812 alienitatem
841 3758 998 3812 testatus
1037 3755 1135 3830 erat,
1174 3738 1284 3812 brevi

282 3856 444 4006 pasqua
476 3833 769 3908 benevolentiae
802 3853 840 3906 et
871 3838 1129 3910 admirationis
1167 3838 1283 3936 signi-

298 3936 465 4006 mationa
484 3988 492 4008 .
511 3987 521 4006 .
542 3985 552 4008 .
580 3933 713 4005 debuit
745 3937 881 4004 inritus
919 3938 1027 4034 qnasi
1058 3937 1221 4008 restitui·
1238 3939 1282 4006 in

283 4029 388 4104 illam
417 4033 586 4133 polensis
616 4030 782 4106 hominis
816 4027 1131 4138 familiaritatem,
1176 4057 1281 4134 quae

1277 4223 1294 4249 s
