2730 4524
235 319 283 400 94

234 504 323 577 roni
347 499 661 577 abiudicandum:
696 499 746 570 de
779 520 865 573 ortu
890 503 968 575 eius
991 503 1048 576 sic
1069 528 1229 602 persua-

235 626 320 674 sum
343 599 483 672 habeO.
540 600 636 670 Cum
661 599 800 670 Cicero
825 605 916 670 ista:
950 622 1084 670 tamen
1110 605 1228 702 affir-

234 725 300 770 mo
413 716 643 769 consecutus
671 720 728 776 es,
765 699 822 766 ita
852 696 1152 793 comprobasset,
1185 720 1229 772 ut

260 794 397 868 loriam
436 793 614 866 bellicam
654 817 740 865 cum
777 793 902 864 multis
936 802 1227 870 communican-

235 821 346 978 ἔξω
387 890 491 964 illam
523 917 545 962 e
576 890 778 964 clementia
808 897 918 962 unius
944 917 1027 963 esse
1052 893 1227 970 Caesaris

235 989 456 1063 affirmaret:
496 991 761 1085 grammaticus
799 991 839 1060 in
876 987 949 1078 his,
987 1015 1087 1086 quae
1118 993 1228 1066 nulla

234 1092 386 1160 ratione
413 1109 500 1158 cum
525 1083 839 1157 antecedentibus
858 1109 1051 1178 connexa,
1077 1107 1226 1165 tumore

233 1203 363 1258 tamen
395 1200 435 1256 et
463 1186 569 1254 omni
599 1207 695 1253 sono
727 1186 823 1254 istis:
865 1183 982 1253 Soleo
1006 1212 1124 1282 saepe
1149 1209 1225 1262 cet.

232 1279 424 1354 simillima
453 1299 556 1370 sunt,
591 1280 755 1352 eandem
785 1279 867 1353 fere
896 1287 1125 1354 sententiam
1161 1310 1226 1358 co-

233 1397 427 1451 natusest
459 1376 568 1449 aliter
597 1381 814 1465 enuntiare;
847 1381 1023 1448 nimirum
1052 1407 1113 1452 res
1143 1383 1225 1453 bel-

233 1476 330 1549 licas
362 1472 510 1548 arin'bus
538 1501 649 1574 posse
680 1475 863 1547 humanis
894 1481 1002 1573 geri}
1044 1481 1114 1576 qui
1145 1481 1223 1550 cle-

234 1588 390 1646 menter
411 1590 450 1644 et
474 1588 678 1650 mansuete
702 1588 819 1672 agat,
847 1599 938 1642 eum
957 1578 1142 1669 proxime
1166 1579 1227 1662 ad

234 1675 335 1768 ipsos
359 1672 452 1741 cleos
474 1671 674 1740 accedere.
733 1671 820 1741 Post
844 1692 946 1766 <luae
970 1669 1059 1740 talia
1083 1666 1225 1768 proba·

232 1784 379 1838 rentur:
419 1767 564 1863 Itaque
596 1767 646 1834 de
676 1759 754 1836 illis
789 1782 829 1836 te
864 1772 1042 1837 nzaaeime
1070 1795 1224 1868 semper

232 1861 524 1934 admirabimur
534 1863 712 1959 quidem
730 1863 982 1931 elementiam
995 1889 1094 1934 vero
1107 1883 1221 1939 tuam

232 1961 471 2032 inmulitam'
495 1974 535 2030 et
566 1960 882 2058 magnitudinem
913 1965 1042 2029 animi
1066 1968 1223 2060 suspici·

232 2073 341 2130 entes
377 2074 416 2128 te
452 2079 623 2136 surnma,
665 2081 746 2153 quo
776 2059 876 2154 ipsos
912 2057 1005 2126 deos
1040 2058 1220 2143 colimus,

230 2157 494 2226 uerteratione
515 2178 806 2252 prosequemur.
844 2152 986 2224 Verum
1006 2152 1054 2224 de
1079 2153 1135 2228 his
1160 2161 1221 2229 ni-

230 2249 285 2324 hil
311 2268 367 2326 est
391 2265 521 2322 nostro
548 2253 588 2320 in
612 2247 721 2333 loco;
761 2248 830 2321 sed
862 2247 962 2322 haec
990 2271 1218 2350 sequuntur:

230 2352 394 2448 Itaque,
423 2347 462 2420 C.
490 2347 655 2425 Caesar,
683 2343 851 2418 bellicae
876 2364 971 2418 tuae
997 2349 1132 2422 laudes
1156 2377 1220 2423 ce-

229 2443 488 2518 lebrabuntur
509 2442 602 2514 illa'c
628 2443 788 2542 quidem
810 2484 860 2505 --
882 2445 952 2514 sed
967 2461 1102 2516 tamen
1122 2453 1221 2520 eius-

229 2535 338 2616 modi
362 2565 438 2620 res,
465 2545 587 2612 etiam
613 2565 701 2608 cum
718 2537 919 2639 leguntur,
947 2542 1118 2640 obstrepi
1135 2545 1174 2616 cl
1203 2592 1219 2604 .

228 2665 339 2713 more
363 2637 533 2710 militnm
556 2636 745 2707 uidentur
770 2653 810 2706 et
830 2639 1017 2710 tubarum
1033 2664 1140 2712 sono.
1155 2699 1164 2717 .
1179 2698 1217 2716 ..
1275 2693 1279 2697 -

234 2739 291 2812 Ta
316 2761 430 2816 atero,
457 2733 596 2834 quibus
619 2731 801 2804 laudibus
825 2733 1058 2834 efferemus?
1082 2742 1220 2837 quibus

226 2835 363 2908 studiis
383 2834 692 2931 prosequemur?
715 2855 795 2925 qim
815 2829 1089 2903 benevolentia
1116 2861 1218 2908 cont·

223 2929 471 3034 plectemur?
503 2927 608 3019 Quid
634 2925 753 3000 erno?
777 2945 983 3023 propterea
1010 2929 1115 3027 quod
1138 2931 1220 3005 lau·

229 3026 296 3102 des
322 3023 487 3098 bellicae
510 3023 650 3104 uiribus
677 2981 854 3094 bumanis
887 3023 1119 3119 efficiuntur,
1161 3031 1220 3102 id-

228 3129 332 3202 circo
360 3126 587 3196 etiamtum
617 3119 811 3217 leguntur,
846 3120 1015 3221 obstrepi
1048 3123 1218 3201 elamore

225 3221 386 3298 rnilitum
422 3217 598 3296 videntur
633 3225 673 3291 'et
713 3217 888 3290 tubarum
923 3220 1044 3294 sono?
1086 3249 1217 3324 neque

227 3325 349 3422 aptius
375 3321 448 3392 deo
473 3316 686 3398 simillimo,
721 3319 781 3390 cui
814 3316 989 3389 adoratio
1017 3317 1216 3416 debeatur,

224 3415 512 3508 benevolentia,
544 3413 677 3486 laudes
710 3433 748 3486 et
776 3413 901 3486 studia
926 3421 1226 3513 promittuntur3·

226 3541 319 3616 quas
346 3518 505 3614 ineptias
531 3535 664 3584 omnes
683 3510 865 3601 tollimus,
891 3514 939 3602 si,
964 3514 1106 3588 verbis:
1132 3519 1217 3589 Do·

224 3616 358 3682 nutisti
380 3655 427 3670 ··-
451 3615 526 3684 cleo
552 3611 684 3680 iudico
718 3609 870 3698 deletiS,
907 3608 1022 3682 haec:
1066 3616 1217 3712 Itaque

226 3725 298 3782 cet.
320 3705 392 3780 illis
412 3708 669 3806 adiungimus:
693 3712 897 3804 propriam
912 3708 1087 3802 sistetur.
1113 3713 1215 3785 Nam

225 3825 317 3880 tunc
342 3807 429 3878 ista:
455 3809 602 3970 Itaplue
622 3821 693 3876 cet.
719 3806 901 3900 optimam
922 3801 1215 3882 conclusionem

226 3905 423 3980 continent
449 3923 496 3972 ex
519 3904 532 3970 i
561 3904 610 3970 is:
640 3925 700 3970 ras
726 3919 820 3968 rane
841 3917 978 3993 gastae
1003 3909 1214 3978 maximae

225 3997 382 4100 quidem
405 4013 517 4082 tunt5
540 3999 609 4079 secl
633 3995 737 4083 militn
771 4028 791 4053 ι
862 4032 867 4042 ·
