<?xml version="1.0" encoding="UTF-8"?>
<!DOCTYPE html PUBLIC "-//W3C//DTD XHTML 1.0 Transitional//EN"
    "http://www.w3.org/TR/xhtml1/DTD/xhtml1-transitional.dtd">
<html xmlns="http://www.w3.org/1999/xhtml" xml:lang="en" lang="en">
 <head>
  <title>
</title>
<meta http-equiv="Content-Type" content="text/html;charset=utf-8" />
  <meta name='ocr-system' content='tesseract 3.04.00' />
  <meta name='ocr-capabilities' content='ocr_page ocr_carea ocr_par ocr_line ocrx_word'/>
</head>
<body>
  <div class='ocr_page' id='page_1' title='image "./deorationequaei00jacogoog_0105.png"; bbox 0 0 2730 4524; ppageno 0'>
   <div class='ocr_carea' id='block_1_1' title="bbox 264 347 312 428">
    <p class='ocr_par' dir='ltr' id='par_1_1' title="bbox 264 347 312 428">
     <span class='ocr_line' id='line_1_1' title="bbox 264 347 312 428; baseline 0 -16"><span class='ocrx_word' id='word_1_1' title='bbox 264 347 312 428; x_wconf 80' lang='lat'>36</span> 
     </span>
    </p>
   </div>
   <div class='ocr_carea' id='block_1_2' title="bbox 193 529 1353 3850">
    <p class='ocr_par' dir='ltr' id='par_1_2' title="bbox 193 529 1353 4080">
     <span class='ocr_line' id='line_1_2' title="bbox 268 529 1265 631; baseline 0.002 -26"><span class='ocrx_word' id='word_1_2' title='bbox 268 531 504 631; x_wconf 84' lang='lat' dir='ltr'>singulorum</span> <span class='ocrx_word' id='word_1_3' title='bbox 539 536 640 607; x_wconf 89' lang='lat' dir='ltr'>inter</span> <span class='ocrx_word' id='word_1_4' title='bbox 673 554 716 606; x_wconf 86' lang='lat' dir='ltr'>se</span> <span class='ocrx_word' id='word_1_5' title='bbox 753 529 1017 605; x_wconf 83' lang='lat' dir='ltr'>dissimilitudo</span> <span class='ocrx_word' id='word_1_6' title='bbox 1046 547 1086 602; x_wconf 88' lang='lat' dir='ltr'>et</span> <span class='ocrx_word' id='word_1_7' title='bbox 1117 530 1265 607; x_wconf 87' lang='lat' dir='ltr'>discre-</span> 
     </span>
     <span class='ocr_line' id='line_1_3' title="bbox 269 629 1262 733; baseline 0.002 -31"><span class='ocrx_word' id='word_1_8' title='bbox 269 635 411 730; x_wconf 86' lang='lat' dir='ltr'>pantia,</span> <span class='ocrx_word' id='word_1_9' title='bbox 436 651 593 733; x_wconf 89' lang='lat' dir='ltr'>tamque</span> <span class='ocrx_word' id='word_1_10' title='bbox 612 631 686 701; x_wconf 91' lang='lat' dir='ltr'>alia</span> <span class='ocrx_word' id='word_1_11' title='bbox 703 629 823 717; x_wconf 85' lang='lat' dir='ltr'>fortia,</span> <span class='ocrx_word' id='word_1_12' title='bbox 851 630 1048 728; x_wconf 81' lang='lat' dir='ltr'>elegantia,</span> <span class='ocrx_word' id='word_1_13' title='bbox 1074 629 1262 729; x_wconf 82' lang='lat' dir='ltr'>pulchra:</span> 
     </span>
     <span class='ocr_line' id='line_1_4' title="bbox 270 727 1264 827; baseline 0.004 -29"><span class='ocrx_word' id='word_1_14' title='bbox 270 728 345 799; x_wconf 89' lang='lat' dir='ltr'>alia</span> <span class='ocrx_word' id='word_1_15' title='bbox 367 727 521 826; x_wconf 80' lang='lat' dir='ltr'>frigida,</span> <span class='ocrx_word' id='word_1_16' title='bbox 547 728 723 827; x_wconf 89' lang='lat' dir='ltr'>puerilia,</span> <span class='ocrx_word' id='word_1_17' title='bbox 750 731 881 826; x_wconf 89' lang='lat' dir='ltr'>inepta</span> <span class='ocrx_word' id='word_1_18' title='bbox 905 746 1008 815; x_wconf 90' lang='lat' dir='ltr'>sunt,</span> <span class='ocrx_word' id='word_1_19' title='bbox 1041 746 1083 798; x_wconf 90' lang='lat' dir='ltr'>ut</span> <span class='ocrx_word' id='word_1_20' title='bbox 1106 755 1264 826; x_wconf 84' lang='lat' dir='ltr'>prorsus</span> 
     </span>
     <span class='ocr_line' id='line_1_5' title="bbox 271 823 1353 924; baseline 0 -26"><span class='ocrx_word' id='word_1_21' title='bbox 271 849 469 924; x_wconf 83' lang='lat' dir='ltr'>cogamur,</span> <span class='ocrx_word' id='word_1_22' title='bbox 496 828 593 899; x_wconf 88' lang='lat' dir='ltr'>duos</span> <span class='ocrx_word' id='word_1_23' title='bbox 617 830 696 916; x_wconf 82' lang='lat' dir='ltr'>eius</span> <span class='ocrx_word' id='word_1_24' title='bbox 721 823 834 896; x_wconf 84' lang='lat' dir='ltr'>fuisse</span> <span class='ocrx_word' id='word_1_25' title='bbox 860 845 1051 914; x_wconf 81' lang='lat' dir='ltr'>auctores,</span> <span class='ocrx_word' id='word_1_26' title='bbox 1078 827 1261 912; x_wconf 86' lang='lat' dir='ltr'>credere:</span> <span class='ocrx_word' id='word_1_27' title='bbox 1352 853 1353 922; x_wconf 39' lang='grc' dir='ltr'>ᾗ</span> 
     </span>
     <span class='ocr_line' id='line_1_6' title="bbox 298 921 1264 1012; baseline 0.003 -19"><span class='ocrx_word' id='word_1_28' title='bbox 298 947 349 993; x_wconf 92' lang='lat' dir='ltr'>uo</span> <span class='ocrx_word' id='word_1_29' title='bbox 376 924 543 1012; x_wconf 88' lang='lat' dir='ltr'>accedit,</span> <span class='ocrx_word' id='word_1_30' title='bbox 598 923 674 996; x_wconf 90' lang='lat' dir='ltr'>uod</span> <span class='ocrx_word' id='word_1_31' title='bbox 702 923 802 994; x_wconf 88' lang='lat' dir='ltr'>haec</span> <span class='ocrx_word' id='word_1_32' title='bbox 830 921 930 993; x_wconf 90' lang='lat' dir='ltr'>mala</span> <span class='ocrx_word' id='word_1_33' title='bbox 962 922 1008 994; x_wconf 89' lang='lat' dir='ltr'>ab</span> <span class='ocrx_word' id='word_1_34' title='bbox 1042 922 1153 994; x_wconf 90' lang='lat' dir='ltr'>bonis</span> <span class='ocrx_word' id='word_1_35' title='bbox 1185 924 1264 996; x_wconf 91' lang='lat' dir='ltr'>illis</span> 
     </span>
     <span class='ocr_line' id='line_1_7' title="bbox 268 947 1353 1110; baseline 0.002 -18"><span class='ocrx_word' id='word_1_36' title='bbox 268 947 450 1092; x_wconf 61' lang='lat' dir='ltr'>laciltime</span> <span class='ocrx_word' id='word_1_37' title='bbox 480 951 816 1094; x_wconf 78' lang='lat' dir='ltr'>sicdissolvuntur</span> <span class='ocrx_word' id='word_1_38' title='bbox 836 1037 885 1108; x_wconf 88' lang='lat' dir='ltr'>et</span> <span class='ocrx_word' id='word_1_39' title='bbox 900 1089 903 1096; x_wconf 77' lang='grc'>,</span> <span class='ocrx_word' id='word_1_40' title='bbox 919 1039 1181 1109; x_wconf 87' lang='lat' dir='ltr'>removentur,</span> <span class='ocrx_word' id='word_1_41' title='bbox 1219 1041 1265 1094; x_wconf 92' lang='lat' dir='ltr'>ut</span> <span class='ocrx_word' id='word_1_42' title='bbox 1352 1105 1353 1110; x_wconf 6' lang='grc' dir='ltr'>ἵ</span> 
     </span>
     <span class='ocr_line' id='line_1_8' title="bbox 271 1117 1262 1216; baseline 0.004 -28"><span class='ocrx_word' id='word_1_43' title='bbox 271 1117 510 1189; x_wconf 78' lang='lat' dir='ltr'>oratiuncula</span> <span class='ocrx_word' id='word_1_44' title='bbox 547 1135 663 1192; x_wconf 90' lang='lat' dir='ltr'>restet</span> <span class='ocrx_word' id='word_1_45' title='bbox 699 1117 824 1190; x_wconf 86' lang='lat' dir='ltr'>brevis</span> <span class='ocrx_word' id='word_1_46' title='bbox 871 1117 1028 1216; x_wconf 89' lang='lat' dir='ltr'>quidem</span> <span class='ocrx_word' id='word_1_47' title='bbox 1080 1117 1180 1211; x_wconf 86' lang='lat' dir='ltr'>(lere</span> <span class='ocrx_word' id='word_1_48' title='bbox 1219 1139 1262 1192; x_wconf 89' lang='lat' dir='ltr'>ut</span> 
     </span>
     <span class='ocr_line' id='line_1_9' title="bbox 193 1212 1262 1314; baseline 0.004 -30"><span class='ocrx_word' id='word_1_49' title='bbox 193 1275 198 1284; x_wconf 85' lang='lat'>.</span> <span class='ocrx_word' id='word_1_50' title='bbox 268 1212 482 1314; x_wconf 84' lang='lat' dir='ltr'>Philippica</span> <span class='ocrx_word' id='word_1_51' title='bbox 505 1217 557 1288; x_wconf 83' lang='lat' dir='ltr'>tv</span> <span class='ocrx_word' id='word_1_52' title='bbox 583 1233 647 1296; x_wconf 89' lang='lat' dir='ltr'>aut</span> <span class='ocrx_word' id='word_1_53' title='bbox 670 1217 759 1308; x_wconf 89' lang='lat' dir='ltr'>Vl);</span> <span class='ocrx_word' id='word_1_54' title='bbox 796 1213 866 1286; x_wconf 89' lang='lat' dir='ltr'>sed</span> <span class='ocrx_word' id='word_1_55' title='bbox 889 1215 1065 1286; x_wconf 87' lang='lat' dir='ltr'>omnibus</span> <span class='ocrx_word' id='word_1_56' title='bbox 1089 1214 1262 1310; x_wconf 89' lang='lat' dir='ltr'>partibus</span> 
     </span>
     <span class='ocr_line' id='line_1_10' title="bbox 269 1309 1263 1412; baseline 0.002 -28"><span class='ocrx_word' id='word_1_57' title='bbox 269 1309 372 1384; x_wconf 89' lang='lat' dir='ltr'>bene</span> <span class='ocrx_word' id='word_1_58' title='bbox 391 1312 618 1404; x_wconf 83' lang='lat' dir='ltr'>cohaerens,</span> <span class='ocrx_word' id='word_1_59' title='bbox 632 1316 850 1402; x_wconf 84' lang='lat' dir='ltr'>concinna,</span> <span class='ocrx_word' id='word_1_60' title='bbox 879 1311 1047 1412; x_wconf 87' lang='lat' dir='ltr'>denique</span> <span class='ocrx_word' id='word_1_61' title='bbox 1069 1313 1263 1386; x_wconf 86' lang='lat' dir='ltr'>Cicerone</span> 
     </span>
     <span class='ocr_line' id='line_1_11' title="bbox 268 1407 1262 1510; baseline 0.002 -30"><span class='ocrx_word' id='word_1_62' title='bbox 268 1411 425 1482; x_wconf 86' lang='lat' dir='ltr'>minime</span> <span class='ocrx_word' id='word_1_63' title='bbox 448 1410 617 1510; x_wconf 82' lang='lat' dir='ltr'>indigna.</span> <span class='ocrx_word' id='word_1_64' title='bbox 667 1413 751 1482; x_wconf 91' lang='lat' dir='ltr'>Nec</span> <span class='ocrx_word' id='word_1_65' title='bbox 774 1433 864 1480; x_wconf 88' lang='lat' dir='ltr'>vero</span> <span class='ocrx_word' id='word_1_66' title='bbox 883 1407 980 1481; x_wconf 92' lang='lat' dir='ltr'>haec</span> <span class='ocrx_word' id='word_1_67' title='bbox 998 1407 1081 1481; x_wconf 92' lang='lat' dir='ltr'>sola</span> <span class='ocrx_word' id='word_1_68' title='bbox 1104 1429 1194 1480; x_wconf 89' lang='lat' dir='ltr'>sunt</span> <span class='ocrx_word' id='word_1_69' title='bbox 1219 1415 1262 1482; x_wconf 91' lang='lat' dir='ltr'>in</span> 
     </span>
     <span class='ocr_line' id='line_1_12' title="bbox 268 1503 1353 1605; baseline 0.003 -28"><span class='ocrx_word' id='word_1_70' title='bbox 268 1503 346 1580; x_wconf 92' lang='lat' dir='ltr'>hoc</span> <span class='ocrx_word' id='word_1_71' title='bbox 372 1527 611 1605; x_wconf 74' lang='lat' dir='ltr'>argumenta,</span> <span class='ocrx_word' id='word_1_72' title='bbox 635 1506 705 1578; x_wconf 88' lang='lat' dir='ltr'>sed</span> <span class='ocrx_word' id='word_1_73' title='bbox 730 1503 852 1594; x_wconf 88' lang='lat' dir='ltr'>aliud,</span> <span class='ocrx_word' id='word_1_74' title='bbox 876 1509 921 1578; x_wconf 90' lang='lat' dir='ltr'>iis</span> <span class='ocrx_word' id='word_1_75' title='bbox 948 1511 1061 1578; x_wconf 89' lang='lat' dir='ltr'>etiam</span> <span class='ocrx_word' id='word_1_76' title='bbox 1087 1512 1260 1604; x_wconf 84' lang='lat' dir='ltr'>gravius,</span> <span class='ocrx_word' id='word_1_77' title='bbox 1352 1575 1353 1592; x_wconf 65' lang='lat'>,</span> 
     </span>
     <span class='ocr_line' id='line_1_13' title="bbox 269 1605 1353 1702; baseline 0.003 -28"><span class='ocrx_word' id='word_1_78' title='bbox 269 1607 435 1702; x_wconf 85' lang='lat' dir='ltr'>positum</span> <span class='ocrx_word' id='word_1_79' title='bbox 461 1623 516 1676; x_wconf 81' lang='lat' dir='ltr'>est</span> <span class='ocrx_word' id='word_1_80' title='bbox 540 1609 580 1688; x_wconf 76' lang='lat' dir='ltr'>in</span> <span class='ocrx_word' id='word_1_81' title='bbox 606 1607 737 1692; x_wconf 84' lang='lat' dir='ltr'>omni„</span> <span class='ocrx_word' id='word_1_82' title='bbox 755 1627 854 1702; x_wconf 89' lang='lat' dir='ltr'>quae</span> <span class='ocrx_word' id='word_1_83' title='bbox 879 1607 1167 1700; x_wconf 81' lang='lat' dir='ltr'>grammaticum</span> <span class='ocrx_word' id='word_1_84' title='bbox 1193 1605 1262 1677; x_wconf 87' lang='lat' dir='ltr'>ali-</span> <span class='ocrx_word' id='word_1_85' title='bbox 1352 1605 1353 1688; x_wconf 59' lang='grc' dir='ltr'>ζ</span> 
     </span>
     <span class='ocr_line' id='line_1_14' title="bbox 270 1699 1262 1800; baseline 0.002 -28"><span class='ocrx_word' id='word_1_86' title='bbox 270 1724 393 1798; x_wconf 88' lang='lat' dir='ltr'>osque</span> <span class='ocrx_word' id='word_1_87' title='bbox 428 1700 612 1800; x_wconf 91' lang='lat' dir='ltr'>plurimos</span> <span class='ocrx_word' id='word_1_88' title='bbox 650 1699 803 1791; x_wconf 77' lang='lat' dir='ltr'>fefellit,</span> <span class='ocrx_word' id='word_1_89' title='bbox 848 1725 979 1773; x_wconf 88' lang='lat' dir='ltr'>omnes</span> <span class='ocrx_word' id='word_1_90' title='bbox 1013 1725 1262 1800; x_wconf 87' lang='lat' dir='ltr'>summopere</span> 
     </span>
     <span class='ocr_line' id='line_1_15' title="bbox 269 1801 1353 1896; baseline 0.002 -28"><span class='ocrx_word' id='word_1_91' title='bbox 269 1801 434 1890; x_wconf 84' lang='lat' dir='ltr'>vexavit,</span> <span class='ocrx_word' id='word_1_92' title='bbox 468 1801 650 1872; x_wconf 88' lang='lat' dir='ltr'>orationis</span> <span class='ocrx_word' id='word_1_93' title='bbox 680 1817 834 1872; x_wconf 88' lang='lat' dir='ltr'>nostrae</span> <span class='ocrx_word' id='word_1_94' title='bbox 863 1815 1014 1870; x_wconf 81' lang='lat' dir='ltr'>natura</span> <span class='ocrx_word' id='word_1_95' title='bbox 1039 1807 1083 1870; x_wconf 84' lang='lat' dir='ltr'>et&#39;</span> <span class='ocrx_word' id='word_1_96' title='bbox 1100 1804 1261 1870; x_wconf 76' lang='lat' dir='ltr'>instz&#39;tn-</span> <span class='ocrx_word' id='word_1_97' title='bbox 1352 1855 1353 1896; x_wconf 59' lang='lat'>3</span> 
     </span>
     <span class='ocr_line' id='line_1_16' title="bbox 268 1888 1264 1992; baseline 0.002 -26"><span class='ocrx_word' id='word_1_98' title='bbox 268 1899 391 1966; x_wconf 82' lang='lat' dir='ltr'>tione.</span> <span class='ocrx_word' id='word_1_99' title='bbox 453 1900 552 1968; x_wconf 89' lang='lat' dir='ltr'>Nam</span> <span class='ocrx_word' id='word_1_100' title='bbox 582 1898 764 1992; x_wconf 90' lang='lat' dir='ltr'>primum,</span> <span class='ocrx_word' id='word_1_101' title='bbox 803 1915 890 1967; x_wconf 91' lang='lat' dir='ltr'>cum</span> <span class='ocrx_word' id='word_1_102' title='bbox 919 1897 960 1966; x_wconf 90' lang='lat' dir='ltr'>in</span> <span class='ocrx_word' id='word_1_103' title='bbox 991 1894 1105 1968; x_wconf 87' lang='lat' dir='ltr'>rebus</span> <span class='ocrx_word' id='word_1_104' title='bbox 1141 1888 1264 1990; x_wconf 70' lang='lat' dir='ltr'>fictis,</span> 
     </span>
     <span class='ocr_line' id='line_1_17' title="bbox 268 1989 1260 2092; baseline 0.002 -28"><span class='ocrx_word' id='word_1_105' title='bbox 268 2009 311 2064; x_wconf 90' lang='lat' dir='ltr'>ut</span> <span class='ocrx_word' id='word_1_106' title='bbox 335 1989 506 2064; x_wconf 83' lang='lat' dir='ltr'>soliditas</span> <span class='ocrx_word' id='word_1_107' title='bbox 533 1989 724 2092; x_wconf 81' lang='lat' dir='ltr'>quaedam</span> <span class='ocrx_word' id='word_1_108' title='bbox 745 2010 784 2066; x_wconf 89' lang='lat' dir='ltr'>et</span> <span class='ocrx_word' id='word_1_109' title='bbox 812 1995 960 2091; x_wconf 86' lang='lat' dir='ltr'>species</span> <span class='ocrx_word' id='word_1_110' title='bbox 985 1998 1064 2065; x_wconf 83' lang='lat' dir='ltr'>reri</span> <span class='ocrx_word' id='word_1_111' title='bbox 1088 1997 1260 2084; x_wconf 76' lang='lat' dir='ltr'>exsistat,</span> 
     </span>
     <span class='ocr_line' id='line_1_18' title="bbox 269 2087 1260 2189; baseline 0.002 -27"><span class='ocrx_word' id='word_1_112' title='bbox 269 2087 463 2180; x_wconf 86' lang='lat' dir='ltr'>homines,</span> <span class='ocrx_word' id='word_1_113' title='bbox 503 2089 554 2162; x_wconf 90' lang='lat' dir='ltr'>de</span> <span class='ocrx_word' id='word_1_114' title='bbox 586 2090 722 2189; x_wconf 91' lang='lat' dir='ltr'>quibus</span> <span class='ocrx_word' id='word_1_115' title='bbox 757 2115 928 2188; x_wconf 74' lang='lat' dir='ltr'>agamuS,</span> <span class='ocrx_word' id='word_1_116' title='bbox 968 2109 1045 2162; x_wconf 88' lang='lat' dir='ltr'>tem</span> <span class='ocrx_word' id='word_1_117' title='bbox 1075 2114 1159 2179; x_wconf 86' lang='lat' dir='ltr'>ora,</span> <span class='ocrx_word' id='word_1_118' title='bbox 1199 2117 1260 2165; x_wconf 88' lang='lat' dir='ltr'>res</span> 
     </span>
     <span class='ocr_line' id='line_1_19' title="bbox 271 2117 1262 2262; baseline 0.002 -2"><span class='ocrx_word' id='word_1_119' title='bbox 271 2209 405 2260; x_wconf 88' lang='lat' dir='ltr'>omnes</span> <span class='ocrx_word' id='word_1_120' title='bbox 434 2191 716 2261; x_wconf 85' lang='lat' dir='ltr'>accuratissime</span> <span class='ocrx_word' id='word_1_121' title='bbox 747 2187 967 2262; x_wconf 85' lang='lat' dir='ltr'>describere</span> <span class='ocrx_word' id='word_1_122' title='bbox 995 2117 1185 2260; x_wconf 58' lang='lat' dir='ltr'>soliamus</span> <span class='ocrx_word' id='word_1_123' title='bbox 1213 2215 1262 2262; x_wconf 90' lang='lat' dir='ltr'>ac</span> 
     </span>
     <span class='ocr_line' id='line_1_20' title="bbox 271 2283 1262 2384; baseline 0.006 -30"><span class='ocrx_word' id='word_1_124' title='bbox 271 2283 489 2379; x_wconf 83' lang='lat' dir='ltr'>designare:</span> <span class='ocrx_word' id='word_1_125' title='bbox 514 2287 555 2356; x_wconf 90' lang='lat' dir='ltr'>in</span> <span class='ocrx_word' id='word_1_126' title='bbox 578 2283 654 2356; x_wconf 93' lang='lat' dir='ltr'>hac</span> <span class='ocrx_word' id='word_1_127' title='bbox 679 2289 872 2375; x_wconf 85' lang='lat' dir='ltr'>oratione,</span> <span class='ocrx_word' id='word_1_128' title='bbox 900 2303 1086 2384; x_wconf 87' lang='lat' dir='ltr'>quatenus</span> <span class='ocrx_word' id='word_1_129' title='bbox 1110 2289 1262 2384; x_wconf 83' lang='lat' dir='ltr'>integra</span> 
     </span>
     <span class='ocr_line' id='line_1_21' title="bbox 268 2378 1262 2483; baseline 0.002 -29"><span class='ocrx_word' id='word_1_130' title='bbox 268 2378 434 2470; x_wconf 82' lang='lat' dir='ltr'>videtur,</span> <span class='ocrx_word' id='word_1_131' title='bbox 470 2405 598 2456; x_wconf 87' lang='lat' dir='ltr'>rerum</span> <span class='ocrx_word' id='word_1_132' title='bbox 621 2385 794 2456; x_wconf 89' lang='lat' dir='ltr'>omnium</span> <span class='ocrx_word' id='word_1_133' title='bbox 827 2385 879 2476; x_wconf 91' lang='lat' dir='ltr'>(v.</span> <span class='ocrx_word' id='word_1_134' title='bbox 907 2409 940 2480; x_wconf 83' lang='lat' dir='ltr'>g.</span> <span class='ocrx_word' id='word_1_135' title='bbox 966 2385 1084 2483; x_wconf 86' lang='lat' dir='ltr'>ipsius</span> <span class='ocrx_word' id='word_1_136' title='bbox 1107 2382 1262 2456; x_wconf 91' lang='lat' dir='ltr'>relatio-</span> 
     </span>
     <span class='ocr_line' id='line_1_22' title="bbox 268 2476 1262 2579; baseline 0.004 -29"><span class='ocrx_word' id='word_1_137' title='bbox 268 2481 328 2550; x_wconf 84' lang='lat' dir='ltr'>nis</span> <span class='ocrx_word' id='word_1_138' title='bbox 357 2476 460 2552; x_wconf 92' lang='lat' dir='ltr'>illius</span> <span class='ocrx_word' id='word_1_139' title='bbox 492 2497 530 2552; x_wconf 90' lang='lat' dir='ltr'>et</span> <span class='ocrx_word' id='word_1_140' title='bbox 566 2477 749 2579; x_wconf 88' lang='lat' dir='ltr'>querelae</span> <span class='ocrx_word' id='word_1_141' title='bbox 781 2482 970 2572; x_wconf 86' lang='lat' dir='ltr'>Caesaris,</span> <span class='ocrx_word' id='word_1_142' title='bbox 1008 2485 1189 2579; x_wconf 86' lang='lat' dir='ltr'>temporis</span> <span class='ocrx_word' id='word_1_143' title='bbox 1223 2499 1262 2554; x_wconf 92' lang='lat' dir='ltr'>et</span> 
     </span>
     <span class='ocr_line' id='line_1_23' title="bbox 268 2573 1260 2676; baseline 0.003 -28"><span class='ocrx_word' id='word_1_144' title='bbox 268 2573 394 2665; x_wconf 87' lang='lat' dir='ltr'>modi,</span> <span class='ocrx_word' id='word_1_145' title='bbox 432 2602 510 2676; x_wconf 90' lang='lat' dir='ltr'>quo</span> <span class='ocrx_word' id='word_1_146' title='bbox 540 2575 668 2652; x_wconf 85' lang='lat' dir='ltr'>factae</span> <span class='ocrx_word' id='word_1_147' title='bbox 695 2575 899 2650; x_wconf 87' lang='lat' dir='ltr'>videantur</span> <span class='ocrx_word' id='word_1_148' title='bbox 926 2576 1104 2667; x_wconf 87' lang='lat' dir='ltr'>insidiae,</span> <span class='ocrx_word' id='word_1_149' title='bbox 1142 2581 1153 2648; x_wconf 89' lang='lat' dir='ltr'>i</span> <span class='ocrx_word' id='word_1_150' title='bbox 1183 2582 1260 2652; x_wconf 88' lang='lat' dir='ltr'>sius</span> 
     </span>
     <span class='ocr_line' id='line_1_24' title="bbox 268 2672 1262 2773; baseline 0 -25"><span class='ocrx_word' id='word_1_151' title='bbox 268 2675 519 2768; x_wconf 80' lang='lat' dir='ltr'>insidiatoris,</span> <span class='ocrx_word' id='word_1_152' title='bbox 563 2699 681 2773; x_wconf 92' lang='lat' dir='ltr'>quem</span> <span class='ocrx_word' id='word_1_153' title='bbox 724 2672 959 2750; x_wconf 87' lang='lat' dir='ltr'>declamator</span> <span class='ocrx_word' id='word_1_154' title='bbox 997 2673 1103 2746; x_wconf 91' lang='lat' dir='ltr'>haud</span> <span class='ocrx_word' id='word_1_155' title='bbox 1170 2675 1262 2749; x_wconf 89' lang='lat' dir='ltr'>ubie</span> 
     </span>
     <span class='ocr_line' id='line_1_25' title="bbox 270 2770 1353 2872; baseline 0.002 -29"><span class='ocrx_word' id='word_1_156' title='bbox 270 2789 416 2844; x_wconf 89' lang='lat' dir='ltr'>certum</span> <span class='ocrx_word' id='word_1_157' title='bbox 442 2771 610 2871; x_wconf 84' lang='lat' dir='ltr'>aliquem</span> <span class='ocrx_word' id='word_1_158' title='bbox 629 2770 802 2863; x_wconf 77' lang='lat' dir='ltr'>fecisset,</span> <span class='ocrx_word' id='word_1_159' title='bbox 829 2771 1000 2872; x_wconf 89' lang='lat' dir='ltr'>denique</span> <span class='ocrx_word' id='word_1_160' title='bbox 1023 2789 1151 2844; x_wconf 87' lang='lat' dir='ltr'>rerum</span> <span class='ocrx_word' id='word_1_161' title='bbox 1177 2797 1261 2845; x_wconf 90' lang='lat' dir='ltr'>om·</span> <span class='ocrx_word' id='word_1_162' title='bbox 1352 2801 1353 2818; x_wconf 56' lang='lat'>¹</span> 
     </span>
     <span class='ocr_line' id='line_1_26' title="bbox 268 2867 1262 2968; baseline 0.002 -28"><span class='ocrx_word' id='word_1_163' title='bbox 268 2872 394 2964; x_wconf 86' lang='lat' dir='ltr'>nium)</span> <span class='ocrx_word' id='word_1_164' title='bbox 430 2867 655 2967; x_wconf 83' lang='lat' dir='ltr'>significatio</span> <span class='ocrx_word' id='word_1_165' title='bbox 685 2887 762 2942; x_wconf 87' lang='lat' dir='ltr'>tam</span> <span class='ocrx_word' id='word_1_166' title='bbox 791 2869 894 2954; x_wconf 91' lang='lat' dir='ltr'>levis</span> <span class='ocrx_word' id='word_1_167' title='bbox 921 2889 993 2960; x_wconf 89' lang='lat' dir='ltr'>est,</span> <span class='ocrx_word' id='word_1_168' title='bbox 1028 2894 1145 2968; x_wconf 88' lang='lat' dir='ltr'>quam</span> <span class='ocrx_word' id='word_1_169' title='bbox 1176 2893 1262 2942; x_wconf 84' lang='lat' dir='ltr'>esse</span> 
     </span>
     <span class='ocr_line' id='line_1_27' title="bbox 268 2965 1260 3064; baseline 0.003 -28"><span class='ocrx_word' id='word_1_170' title='bbox 268 2969 422 3038; x_wconf 89' lang='lat' dir='ltr'>nonnisi</span> <span class='ocrx_word' id='word_1_171' title='bbox 446 2969 486 3038; x_wconf 88' lang='lat' dir='ltr'>in</span> <span class='ocrx_word' id='word_1_172' title='bbox 512 2969 689 3039; x_wconf 85' lang='lat' dir='ltr'>oratione</span> <span class='ocrx_word' id='word_1_173' title='bbox 720 2970 852 3064; x_wconf 86' lang='lat' dir='ltr'>potuit·</span> <span class='ocrx_word' id='word_1_174' title='bbox 868 2965 1000 3039; x_wconf 85' lang='lat' dir='ltr'>habita</span> <span class='ocrx_word' id='word_1_175' title='bbox 1027 2970 1070 3038; x_wconf 92' lang='lat' dir='ltr'>in</span> <span class='ocrx_word' id='word_1_176' title='bbox 1093 2966 1260 3039; x_wconf 89' lang='lat' dir='ltr'>homini-</span> 
     </span>
     <span class='ocr_line' id='line_1_28' title="bbox 204 3061 1260 3162; baseline -0.001 -26"><span class='ocrx_word' id='word_1_177' title='bbox 204 3103 206 3112; x_wconf 59' lang='lat'>‹</span> <span class='ocrx_word' id='word_1_178' title='bbox 267 3062 357 3152; x_wconf 91' lang='lat' dir='ltr'>bus,</span> <span class='ocrx_word' id='word_1_179' title='bbox 382 3066 467 3160; x_wconf 83' lang='lat' dir='ltr'>qui,</span> <span class='ocrx_word' id='word_1_180' title='bbox 492 3061 543 3135; x_wconf 90' lang='lat' dir='ltr'>de</span> <span class='ocrx_word' id='word_1_181' title='bbox 568 3087 648 3162; x_wconf 82' lang='lat' dir='ltr'>quo</span> <span class='ocrx_word' id='word_1_182' title='bbox 672 3087 796 3136; x_wconf 86' lang='lat' dir='ltr'>sermo</span> <span class='ocrx_word' id='word_1_183' title='bbox 822 3083 939 3155; x_wconf 88' lang='lat' dir='ltr'>esset,</span> <span class='ocrx_word' id='word_1_184' title='bbox 964 3064 1036 3162; x_wconf 89' lang='lat' dir='ltr'>ipsi</span> <span class='ocrx_word' id='word_1_185' title='bbox 1052 3063 1173 3136; x_wconf 89' lang='lat' dir='ltr'>oculis</span> <span class='ocrx_word' id='word_1_186' title='bbox 1191 3090 1260 3135; x_wconf 89' lang='lat' dir='ltr'>au-</span> 
     </span>
     <span class='ocr_line' id='line_1_29' title="bbox 243 3159 1259 3260; baseline 0.001 -27"><span class='ocrx_word' id='word_1_187' title='bbox 243 3159 451 3259; x_wconf 73' lang='lat' dir='ltr'>ribusque</span> <span class='ocrx_word' id='word_1_188' title='bbox 486 3163 757 3260; x_wconf 82' lang='lat' dir='ltr'>percepissent.</span> <span class='ocrx_word' id='word_1_189' title='bbox 822 3159 981 3236; x_wconf 84' lang='lat' dir='ltr'>Deinde</span> <span class='ocrx_word' id='word_1_190' title='bbox 1013 3185 1104 3234; x_wconf 84' lang='lat' dir='ltr'>vero</span> <span class='ocrx_word' id='word_1_191' title='bbox 1138 3161 1259 3252; x_wconf 85' lang='lat' dir='ltr'>duae,</span> 
     </span>
     <span class='ocr_line' id='line_1_30' title="bbox 270 3257 1261 3360; baseline 0.001 -29"><span class='ocrx_word' id='word_1_192' title='bbox 270 3279 318 3331; x_wconf 84' lang='lat' dir='ltr'>ex</span> <span class='ocrx_word' id='word_1_193' title='bbox 350 3257 488 3360; x_wconf 88' lang='lat' dir='ltr'>quibus</span> <span class='ocrx_word' id='word_1_194' title='bbox 521 3262 643 3330; x_wconf 86' lang='lat' dir='ltr'>oratio</span> <span class='ocrx_word' id='word_1_195' title='bbox 678 3262 861 3348; x_wconf 85' lang='lat' dir='ltr'>consistit,</span> <span class='ocrx_word' id='word_1_196' title='bbox 898 3277 1026 3356; x_wconf 88' lang='lat' dir='ltr'>partes</span> <span class='ocrx_word' id='word_1_197' title='bbox 1056 3277 1095 3332; x_wconf 91' lang='lat' dir='ltr'>et</span> <span class='ocrx_word' id='word_1_198' title='bbox 1123 3277 1261 3332; x_wconf 86' lang='lat' dir='ltr'>natura</span> 
     </span>
     <span class='ocr_line' id='line_1_31' title="bbox 266 3354 1262 3454; baseline 0 -26"><span class='ocrx_word' id='word_1_199' title='bbox 266 3376 346 3430; x_wconf 83' lang='lat' dir='ltr'>tarn</span> <span class='ocrx_word' id='word_1_200' title='bbox 377 3355 548 3429; x_wconf 86' lang='lat' dir='ltr'>diversae</span> <span class='ocrx_word' id='word_1_201' title='bbox 577 3373 680 3447; x_wconf 88' lang='lat' dir='ltr'>sunt,</span> <span class='ocrx_word' id='word_1_202' title='bbox 713 3355 782 3449; x_wconf 89' lang='lat' dir='ltr'>(cf.</span> <span class='ocrx_word' id='word_1_203' title='bbox 815 3354 1077 3454; x_wconf 86' lang='lat' dir='ltr'>Weisk.·pag.</span> <span class='ocrx_word' id='word_1_204' title='bbox 1102 3359 1183 3451; x_wconf 73' lang='lat'><strong>51&#39;.)</strong></span> <span class='ocrx_word' id='word_1_205' title='bbox 1218 3375 1262 3428; x_wconf 88' lang='lat' dir='ltr'>ut</span> 
     </span>
     <span class='ocr_line' id='line_1_32' title="bbox 266 3453 1262 3552; baseline 0 -27"><span class='ocrx_word' id='word_1_206' title='bbox 266 3457 308 3525; x_wconf 92' lang='lat' dir='ltr'>in</span> <span class='ocrx_word' id='word_1_207' title='bbox 339 3477 383 3526; x_wconf 90' lang='lat' dir='ltr'>re</span> <span class='ocrx_word' id='word_1_208' title='bbox 414 3453 504 3526; x_wconf 86' lang='lat' dir='ltr'>ficta</span> <span class='ocrx_word' id='word_1_209' title='bbox 535 3478 615 3525; x_wconf 91' lang='lat' dir='ltr'>non</span> <span class='ocrx_word' id='word_1_210' title='bbox 644 3453 847 3552; x_wconf 80' lang='lat' dir='ltr'>intelligas,</span> <span class='ocrx_word' id='word_1_211' title='bbox 875 3479 953 3552; x_wconf 89' lang='lat' dir='ltr'>quo</span> <span class='ocrx_word' id='word_1_212' title='bbox 977 3457 1093 3526; x_wconf 88' lang='lat' dir='ltr'>modo</span> <span class='ocrx_word' id='word_1_213' title='bbox 1119 3477 1262 3528; x_wconf 84' lang='lat' dir='ltr'>conve-</span> 
     </span>
     <span class='ocr_line' id='line_1_33' title="bbox 265 3549 1262 3642; baseline -0.001 -18"><span class='ocrx_word' id='word_1_214' title='bbox 265 3555 413 3642; x_wconf 80' lang='lat' dir='ltr'>nerint,</span> <span class='ocrx_word' id='word_1_215' title='bbox 458 3569 497 3623; x_wconf 88' lang='lat' dir='ltr'>et</span> <span class='ocrx_word' id='word_1_216' title='bbox 527 3573 657 3622; x_wconf 86' lang='lat' dir='ltr'>earum</span> <span class='ocrx_word' id='word_1_217' title='bbox 687 3555 911 3624; x_wconf 88' lang='lat' dir='ltr'>coniunctio</span> <span class='ocrx_word' id='word_1_218' title='bbox 939 3567 1017 3622; x_wconf 85' lang='lat' dir='ltr'>tam</span> <span class='ocrx_word' id='word_1_219' title='bbox 1045 3549 1139 3622; x_wconf 86' lang='lat' dir='ltr'>nihil</span> <span class='ocrx_word' id='word_1_220' title='bbox 1171 3555 1262 3624; x_wconf 87' lang='lat' dir='ltr'>artis</span> 
     </span>
     <span class='ocr_line' id='line_1_34' title="bbox 265 3645 1353 3748; baseline 0 -28"><span class='ocrx_word' id='word_1_221' title='bbox 265 3645 402 3737; x_wconf 84' lang='lat' dir='ltr'>habet,</span> <span class='ocrx_word' id='word_1_222' title='bbox 434 3667 476 3720; x_wconf 89' lang='lat' dir='ltr'>ut</span> <span class='ocrx_word' id='word_1_223' title='bbox 500 3671 672 3746; x_wconf 86' lang='lat' dir='ltr'>nequeas</span> <span class='ocrx_word' id='word_1_224' title='bbox 698 3647 890 3741; x_wconf 86' lang='lat' dir='ltr'>dubitare,</span> <span class='ocrx_word' id='word_1_225' title='bbox 932 3651 1030 3748; x_wconf 83' lang='lat' dir='ltr'>quin</span> <span class='ocrx_word' id='word_1_226' title='bbox 1053 3651 1176 3746; x_wconf 88' lang='lat' dir='ltr'>ipsam</span> <span class='ocrx_word' id='word_1_227' title='bbox 1200 3671 1262 3720; x_wconf 82' lang='lat' dir='ltr'>re·</span> <span class='ocrx_word' id='word_1_228' title='bbox 1352 3653 1353 3732; x_wconf 57' lang='grc' dir='ltr'><strong>ἴ</strong></span> 
     </span>
     <span class='ocr_line' id='line_1_35' title="bbox 265 3747 1211 3850; baseline -0.002 -30"><span class='ocrx_word' id='word_1_229' title='bbox 265 3769 352 3820; x_wconf 79' lang='lat' dir='ltr'>runt</span> <span class='ocrx_word' id='word_1_230' title='bbox 375 3747 431 3820; x_wconf 89' lang='lat' dir='ltr'>sic</span> <span class='ocrx_word' id='word_1_231' title='bbox 454 3764 644 3845; x_wconf 78' lang='lat' dir='ltr'>gestarum</span> <span class='ocrx_word' id='word_1_232' title='bbox 670 3748 986 3850; x_wconf 81' lang='lat' dir='ltr'>consequentiam</span> <span class='ocrx_word' id='word_1_233' title='bbox 1012 3749 1211 3844; x_wconf 73' lang='lat' dir='ltr'>exprimat.</span> 
     </span>
    </p>
   </div>
   <div class='ocr_carea' id='block_1_3' title="bbox 0 0 1370 4524">
    <p class='ocr_par' dir='ltr' id='par_1_3' title="bbox 0 0 1370 4524">
     <span class='ocr_line' id='line_1_36' title="bbox 0 0 1370 4524; baseline 0 0"><span class='ocrx_word' id='word_1_234' title='bbox 0 0 1370 4524; x_wconf 95' lang='lat' dir='ltr'> </span> 
     </span>
    </p>
   </div>
  </div>
 </body>
</html>
