2702 4548
969 475 973 490 x
1063 400 1136 453 ΧΗ]
1211 447 1220 460 ,

139 619 227 698 tota
258 603 440 680 oratione
472 583 522 674 ad
554 593 727 676 eundem
764 599 962 705 pertinere
997 593 1137 692 locum

138 729 327 822 iudicavi,
368 742 408 802 et
439 746 543 829 quae
575 746 599 798 a
631 727 718 800 viris
751 721 879 830 doctis
912 721 961 800 de
994 721 1137 802 eadem

138 879 184 948 re
214 849 421 955 dispersim
452 845 653 952 disputata
684 854 833 952 reperi,
867 872 950 953 quo
976 844 1134 934 ¹facilius

139 993 245 1052 esset
284 999 330 1049 ea
369 997 450 1047 uno
491 976 533 1048 in
564 989 784 1077 conspectu
820 967 964 1067 videre,
999 975 1136 1050 omnia

140 1102 349 1204 composui
384 1090 630 1200 deindeque,
677 1112 722 1172 ut
767 1098 950 1201 ipsorum
992 1112 1137 1174 natura

138 1223 341 1331 postulare
380 1225 462 1296 visa
500 1235 580 1312 est,
627 1223 781 1315 censui3
827 1216 880 1296 ad
924 1215 1137 1296 scribendi

135 1374 270 1453 genus
301 1364 438 1420 autem
471 1339 785 1438 aestimandum,
819 1368 910 1418 eum
941 1368 1027 1419 non
1058 1346 1135 1420 sim

138 1488 268 1547 totam
300 1471 527 1546 orationem
564 1461 763 1560 editurus,
802 1468 933 1570 prima
961 1465 1018 1542 IV
1050 1470 1134 1566 eius

140 1599 274 1696 capita
304 1589 546 1698 perlustravi.
624 1589 659 1666 A
691 1612 774 1695 qua
805 1613 951 1666 causae
980 1593 1135 1670 institu-

140 1720 251 1793 tione
282 1741 364 1791 non
399 1739 464 1790 me
496 1716 652 1808 avertit,
687 1708 800 1818 quod
829 1716 871 1790 in
904 1737 1133 1819 ceparum,

139 1836 237 1946 quid
268 1845 403 1945 ipsum
435 1862 510 1942 ego
532 1821 806 1943 profecissem,
840 1833 1020 1943 dignosci
1041 1865 1135 1944 pos·

138 1989 182 2040 se
214 1961 426 2056 videretur;
456 1985 551 2037 nam
577 1965 612 2039 si
633 1959 711 2037 hoc
736 1980 797 2039 est
827 1963 1132 2067 tam'exiguum,
1212 1997 1216 2010 ·

136 2104 195 2178 ut,
229 2090 304 2162 nisi
335 2084 467 2164 studio
485 2082 666 2191 quodam
689 2081 877 2187 singulari
901 2082 1133 2164 distinctum

119 2217 165 2284 'a
198 2212 336 2286 ceteris
370 2234 416 2285 ac
446 2226 696 2314 separatum,
729 2204 836 2285 haud
865 2206 985 2314 plane
1002 2193 1134 2286 'anim-

68 2389 77 2410 .
140 2331 382 2410 advertatur:
432 2329 620 2440 equidem
657 2329 699 2408 id
722 2327 822 2408 'non
865 2330 969 2408 facio
1009 2338 1131 2432 tanti,
1232 2315 1234 2320 ⁸

139 2453 253 2562 quod
282 2473 470 2562 propter,
510 2483 554 2532 re
586 2453 696 2534 aliter
726 2458 926 2553 instituta,
973 2460 1016 2533 in
1046 2483 1133 2534 mo·

136 2576 255 2657 lestas
287 2577 466 2656 eiusdem
506 2583 563 2658 rei
598 2581 874 2685 repetitiones,
912 2583 1133 2658 incommo-

138 2699 210 2780 das
233 2707 235 2710 ’
258 2709 546 2800 correctiones,
606 2708 704 2810 quin
749 2701 967 2782 multorum
1013 2708 1133 2782 etiam

99 2831 101 2836 ’
138 2831 376 2905 omissiones
420 2824 615 2908 incidam.
680 2824 771 2937 ¹Sin
816 2844 970 2923 autem,
1019 2825 1133 2933 quod

136 2975 395 3058 summopere
427 2969 595 3058 exopto,
626 2948 762 3056 paullo
791 2938 941 3030 felicius
967 2976 1134 3057 operum

136 3079 179 3154 in
219 3075 322 3153 hanc
363 3100 448 3152 rem
487 3074 658 3154 contuli:
714 3079 834 3154 etiam
871 3100 980 3154 nunc
1017 3073 1134 3186 facile

113 3185 411 3306 ¹aestimabitur
443 3196 492 3278 ab
523 3205 570 3279 iis
602 3195 785 3308 quidem,
830 3204 901 3305 qui
931 3224 1016 3276 rem
1048 3224 1133 3275 otn-

135 3346 233 3398 nem
265 3319 414 3400 habent
444 3341 628 3415 accurate
660 3328 874 3431 cognitam,
906 3339 1028 3430 atque
1058 3319 1132 3400 hos

136 3461 297 3523 tautum
330 3444 380 3521 de
419 3471 467 3522 ea
504 3467 612 3526 recte
644 3465 684 3524 et
718 3452 804 3525 iure
844 3443 1024 3553 quodam
1055 3471 1133 3523 suo

135 3566 237 3644 ferre
260 3569 451 3678 iudicium
474 3589 587 3678 puto.
626 3572 715 3651 Nec
737 3597 829 3650 vero
854 3553 992 3675 mergis,
1025 3597 1133 3667 cum,

133 3697 176 3771 in
209 3686 326 3771 rebus
358 3693 522 3802 quidem
552 3721 711 3802 semper
732 3693 1058 3799 religiosissimus,
1090 3699 1133 3770 in

137 3813 351 3896 doctorum
382 3824 554 3897 virorum
593 3817 693 3926 ipsis
728 3816 854 3899 verbis
894 3837 934 3897 et
963 3822 1134 3898 nomini-

136 3933 211 4014 bus
245 3939 295 4017 ad
327 3969 467 4020 eorum
500 3948 717 4021 sententias
742 3941 1009 4022 adscribendis
1033 3967 1133 4018 non-

132 4089 348 4171 nunquam
377 4072 454 4148 sim
485 4067 604 4147 aliam
624 4063 822 4146 rationem
845 4085 1132 4163 secutus,·me
