2738 4532
1090 284 1222 408 91!

155 542 243 588 ram
273 518 604 587 commutationes
632 515 796 616 efficit.”
871 517 928 588 Ac
955 539 1066 608 sane,
1107 519 1139 590 si

153 639 362 713 numquam
386 612 457 685 illis
482 616 521 682 in
546 612 659 684 rebus
687 637 791 685 casus
817 632 856 685 et
872 613 1028 687 fortuna
1052 639 1139 688 cum

152 716 337 809 sapientia
362 715 643 797 commiscetur,
674 715 714 783 in
744 709 855 782 rebus
881 731 1008 785 autem
1032 711 1141 792 belli-

87 852 89 862 ·
156 814 207 882 cis
238 806 423 910 pleraque
448 807 520 880 sibi
548 807 717 879 vindicat
746 807 915 881 fortuna:
946 833 1017 909 pro
1050 815 1140 882 insi-

153 905 346 1006 pientibus
381 911 570 979 Fortunae
602 904 687 978 filiis
722 905 891 979 habendi
923 925 1033 979 erunt
1062 932 1143 990 om-

155 1027 240 1095 nes,
274 1023 464 1103 quotquot
487 1027 671 1103 umquam
699 1001 869 1093 fuerunt,
901 1005 993 1076 clari
1019 1008 1146 1104 impe-¹

156 1107 342 1193 ratores.f'
380 1098 497 1174 Wolf.
569 1105 713 1190 Locus,
752 1107 818 1201 qui
853 1125 929 1174 nec
961 1101 1142 1189 defensus

159 1217 214 1271 est
239 1228 258 1272 a
284 1205 371 1271 viris
397 1198 539 1287 doctis,
569 1223 644 1270 nec
678 1196 835 1269 defendi
859 1219 1001 1296 potest,
1032 1200 1145 1298 pluri-

156 1296 226 1369 bus
251 1297 401 1370 laborat
423 1299 532 1367 vitiis.
582 1299 682 1367 Nam
706 1293 871 1393 primum
895 1297 1144 1369 incommode

156 1420 267 1484 sane,
305 1419 372 1468 cur
404 1396 587 1463 Fortuna
617 1414 658 1464 se
688 1419 770 1464 non
803 1389 940 1465 offerat
967 1398 1008 1466 in
1037 1399 1143 1466 istius

157 1491 300 1590 gloriae
326 1496 566 1574 societatem,
592 1487 691 1563 haec
716 1515 829 1562 causa
847 1495 1012 1588 ponitur,
1040 1492 1145 1592 quod

157 1594 362 1660 temeritas
385 1613 593 1686 nunquam
622 1593 924 1659 commisceatur
951 1613 1038 1658 cam
1069 1615 1145 1658 sa-

153 1689 343 1784 pientia
351 1715 367 1769 ;
396 1709 470 1756 nec
494 1707 585 1756 vero
610 1687 651 1754 in
675 1688 851 1783 proxime
886 1683 1147 1760 antecedenti-

158 1781 226 1854 bus
251 1806 377 1854 sermo
404 1802 458 1853 est
484 1781 533 1854 de
559 1782 740 1854 Caesaris
761 1788 801 1854 in
826 1779 1014 1854 Marcello
1039 1785 1146 1855 resti-

156 1879 303 1951 tuendo
339 1885 561 1978 sapientia5
600 1879 669 1951 sed
703 1879 856 1970 dicitur,
901 1905 987 1953 cum
1020 1904 1147 1952 rerum

156 1975 382 2050 bellicarum
409 1975 548 2076 gloria,
579 1976 741 2048 militum
768 1997 807 2048 et
828 1982 995 2048 maxime
1017 1979 1149 2048 Fortu-

157 2095 233 2143 nae
259 2072 399 2144 auxilio
424 2093 547 2171 parta,
578 2098 663 2146 cum
681 2073 805 2170 multis
826 2072 1149 2146 communicanda

157 2172 219 2260 sit,
247 2170 473 2245 clementiae
496 2170 595 2243 illius
618 2171 773 2244 laudem
797 2175 866 2242 uni
885 2173 1041 2244 Caesari
1065 2193 1149 2244 esse

158 2267 409 2342 tribuendam.
459 2269 537 2341 Sed
571 2270 729 2358 deinde,
762 2295 840 2369 quo
872 2272 1061 2341 sententia
1086 2293 1150 2342 ex·

157 2388 288 2464 pressa
314 2383 390 2454 est,
416 2367 553 2438 modus
578 2365 778 2440 manifesto
805 2366 1040 2439 balbutiente
1056 2381 1150 2534 qine-

153 2461 203 2536 'ro
237 2464 388 2560 dignior
425 2481 498 2554 est,
539 2491 653 2563 quam
685 2467 886 2538 Cicerone.
954 2464 1054 2538 Vide

162 2565 332 2660 egregius
357 2577 486 2631 noster
511 2560 659 2651 artifex,
687 2562 1019 2660 comprobaturus,
1051 2564 1150 2632 For·

160 2675 301 2730 tunam
325 2662 366 2732 in
389 2660 493 2730 istius
518 2657 663 2756 gloriae
688 2664 913 2733 societatem
936 2681 1075 2732 senon
1095 2653 1154 2729 of·

144 2753 279 2846 ferre,
315 2755 392 2828 hoc
415 2759 533 2828 utitur
563 2776 808 2856 argument0,'
841 2780 944 2829 novo
974 2753 1151 2858 profecto

162 2870 201 2926 et
231 2851 411 2928 mirabili:
444 2880 689 2954 nunquam
721 2861 827 2926 enim
857 2858 1080 2926 temeritati
1101 2855 1151 2948 (i.

163 2975 195 3026 e.
226 2955 430 3025 Fortunae
428 2965 456 3040 )
490 2950 597 3024 locus
632 2955 758 3024 estin
787 2955 992 3049 sapienter
1019 2949 1150 3038 factis3

163 3047 270 3147 quod
293 3073 446 3149 prorsus
471 3048 577 3122 idem
600 3052 641 3121 in
664 3047 916 3150 sequentibus
940 3047 1069 3120 denuo
1094 3071 1156 3120 re-

191 3150 277 3218 etit:
301 3169 431 3246 neque
457 3145 506 3218 ad
531 3169 591 3217 res
616 3149 780 3236 oonsilio
808 3149 855 3236 (i.
877 3169 912 3218 e.
936 3151 1152 3243 sapienter)

162 3171 282 3317 iactas
306 3242 514 3316 admittitur
541 3269 648 3316 casus
673 3248 720 3339 (i.
745 3267 778 3315 e.
804 3246 983 3315 Fortuna
1007 3263 1076 3313 seu
1100 3259 1156 3310 te-

163 3344 356 3430 meritas.)
383 3337 429 3413 cf.
454 3337 582 3412 famm.
607 3341 694 3430 VII,
720 3351 780 3432 28.
806 3356 919 3411 extu:
956 3342 1158 3432 sapienter

162 3439 267 3510 haec
288 3435 498 3536 reliquisti,
522 3441 557 3508 si
574 3439 760 3524 consilio;
775 3436 1027 3533 feliciterssi
1049 3457 1154 3504 casu.

164 3554 205 3608 et
230 3533 281 3608 de
306 3531 380 3606 div·
405 3536 451 3624 II,
477 3547 554 3621 iu:
587 3535 728 3636 quibus
753 3540 794 3605 in
820 3533 931 3609 rebus
955 3535 1159 3606 temeritas

163 3651 204 3705 et
229 3657 358 3713 casus,
383 3658 464 3704 non
490 3637 596 3704 ratio
622 3649 662 3704 et
688 3631 895 3702 consilium
919 3630 1047 3701 valet.
1075 3629 1158 3701 De-

163 3734 283 3830 nique
306 3751 398 3804 vero
422 3730 608 3827 imprimis
629 3726 752 3828 pollet
769 3725 904 3800 Wolfii
926 3725 1006 3799 loci
1028 3748 1161 3822 repre·

164 3825 300 3900 hensio
317 3830 367 3900 de
384 3832 460 3898 insi
487 3828 658 3900 ientibus
675 3829 881 3896 Fortunae
894 3823 1014 3924 filiis,
1042 3844 1160 3921 quem

167 3947 255 3996 cum
280 3925 417 3996 Cicero
478 3945 649 3996 acsarem
677 3943 752 3993 nec
782 3941 912 4018 posset
944 3918 1159 4017 appellare,

164 4043 241 4093 nec
265 4019 398 4095 vellet:
421 4019 531 4098 locus
554 4025 638 4094 sine
664 4021 923 4092 controversia
947 4041 1028 4087 non
1048 4017 1161 4087 Cice-

1070 2467 1152 2536 ice't
1246 2511 1251 2526 ·
