2730 4524
247 375 314 426 102

246 544 433 644 pluribus,
468 549 509 640 in
538 545 677 646 quibus
708 565 766 615 res
793 561 929 616 mutae
960 557 1076 640 atque
1100 542 1235 610 inani·

247 669 338 716 mae
371 643 606 716 inducuntur
625 645 828 721 consciae,
865 665 997 712 rerum
1020 641 1235 710 atrocitate

247 760 489 823 commotae,
502 742 707 836 fauentes,
738 737 930 835 lugentes,
966 736 1159 816 homines,
1202 734 1236 804 si

246 839 314 935 qui
343 839 549 926 accedant,
581 837 759 939 affantes¹
780 849 822 904 et
854 849 1099 930 appetentes,
1140 831 1236 930 quin

247 938 362 1006 etiam
388 935 437 1006 ad
463 932 774 1034 complectendas
798 955 861 1000 eos
872 929 1136 1027 procedentes.
1160 951 1235 1024 pro

244 1030 355 1104 Coel.
382 1032 537 1103 xxiva
577 1033 660 1100 Ista
692 1027 917 1098 mulier
945 1047 1080 1094 nonne
1109 1027 1235 1121 ipsam

246 1127 408 1198 domurn
438 1143 609 1206 metuet,
652 1150 704 1194 ne
735 1148 859 1218 quarn
897 1146 1038 1191 vocem
1070 1120 1236 1191 eliciat?

247 1249 343 1294 non·
354 1228 573 1320 parietes
602 1222 839 1292 conscios?
884 1221 929 1290 In
952 1218 1057 1289 Verr.
1084 1217 1130 1306 V,
1157 1228 1234 1304 67.:

246 1323 291 1394 Si
313 1323 362 1389 in
383 1321 524 1416 aliqua
548 1321 808 1398 desertissima
830 1315 1061 1395 solitudine,
1089 1315 1146 1383 ad
1166 1338 1235 1384 sa·
1346 1385 1347 1408 q

203 1433 206 1442 '
245 1442 311 1490 xa
339 1433 383 1486 et
414 1418 472 1487 ad
497 1413 722 1512 scopulos
752 1411 853 1482 haec
883 1412 1072 1510 conqueri
1102 1426 1142 1480 et
1166 1411 1236 1481 de·

241 1514 407 1611 plorare
431 1511 574 1586 vellem
585 1541 602 1597 ,·
630 1529 764 1581 tamen
792 1512 931 1598 omnia
955 1524 1086 1576 muta
1110 1523 1235 1606 atque

231 1613 468 1704 vinanima
493 1625 640 1680 tanta
666 1623 835 1678 ettam
859 1607 1061 1702 indigna
1082 1621 1235 1676 rerum
1347 1646 1348 1696 3

245 1710 523 1776 atrocitate
554 1717 968 1774 commoverentur.
1000 1723 1073 1797 pro
1102 1696 1234 1777 Plane.

244 1800 357 1873 Vnt:
398 1802 503 1897 Quid
524 1823 597 1896 ego
623 1800 672 1868 de
701 1821 781 1872 me,
814 1799 867 1868 de
885 1797 1025 1891 fratre
1055 1821 1143 1867 meo
1174 1797 1234 1868 lo·

245 1901 375 1995 quor?
417 1922 586 1994 quorum
616 1892 830 1964 tenoribus
860 1896 968 1991 agri
987 1919 1139 1991 prope
1163 1894 1234 1963 di·
1348 1950 1349 1960 s

244 2017 346 2062 cam
371 1998 464 2092 ipsi
481 2009 761 2088 montesque
774 1989 1023 2084 faverunt.
1047 1990 1233 2089 proSext.
1348 1985 1349 1988 '

243 2089 392 2164 XXIV:
418 2116 506 2160 cum
531 2115 662 2160 meum
686 2086 801 2166 illum
826 2110 958 2158 casum
1067 2111 1150 2156 non
1173 2110 1235 2156 so·

244 2187 328 2258 luru
353 2186 547 2266 homines,
573 2188 643 2272 scd
665 2199 800 2252 tecta
825 2183 953 2255 urbis
976 2209 1032 2254 ac
1056 2182 1234 2281 templa

243 2283 483 2381 lugerent·
518 2279 638 2354 Phill,
664 2282 714 2370 ΙΙ,
745 2293 805 2365 13:
833 2285 904 2378 qui
926 2280 1058 2350 locus
1081 2295 1139 2350 est
1162 2295 1237 2350 aut

243 2395 330 2450 tarn
361 2381 582 2455 desertus,
597 2392 671 2448 aut
693 2394 777 2446 tam
800 2377 1061 2458 inhumanus,
1093 2377 1171 2474 qui
1185 2375 1234 2445 il·
1349 2375 1350 2452 i

243 2474 318 2557 los,
343 2501 421 2574 quo
440 2479 692 2553 accesserint,
719 2499 803 2544 non
825 2473 990 2570 affari
1012 2488 1135 2570 atque
1153 2497 1234 2570 ap-

240 2590 411 2672 petere
436 2573 693 2643 videatur?
738 2571 784 2642 In
807 2573 879 2642 Pis.
907 2592 937 2643 ο.
963 2571 1092 2642 xxn:
1135 2570 1235 2644 Cum

215 2685 423 2766 ,senatum
460 2692 653 2768 egressum
694 2670 783 2738 virli
814 2666 1084 2766 populumque
1118 2669 1234 2738 Rom.

244 2770 487 2851 universum
516 2763 729 2848 cummilzi
752 2768 854 2861 ipsa
878 2767 1053 2843 Roma,
1081 2789 1235 2862 prope

244 2861 471 2933 convulso
492 2857 677 2932 sedibus
700 2865 816 2942 suis,
841 2861 905 2930 ad
928 2861 1235 2960 complecten-

243 2960 351 3028 dum
383 2975 775 3036 conservatorem
808 2982 939 3027 suurn
967 2959 1234 3056 procedere

242 3056 348 3124 uisa
372 3069 462 3137 est‚·
487 3079 592 3149 quae
616 3079 680 3122 me
703 3056 765 3121 ita
788 3054 958 3149 accepit,
985 3070 1128 3124 utnon
1150 3078 1231 3124 mo.-

243 3152 294 3222 do
327 3152 503 3232 omnium
532 3173 727 3247 generum
758 3165 830 3230 cet.
880 3175 1014 3222 omnes
1047 3153 1131 3220 viri
1159 3166 1229 3222 cet.

241 3248 311 3318 serl
344 3250 468 3317 etiam
504 3248 697 3330 moenia
729 3247 833 3343 ipse
857 3250 1153 3320 uiderentur
1187 3263 1233 3318 et

242 3359 377 3414 tecta
402 3339 529 3416 urbis
553 3368 609 3412 nc
633 3342 812 3439 templa
837 3342 1031 3417 laetari.
1081 3343 1146 3416 Sin
1163 3343 1231 3416 viri

243 3436 347 3512 docti
383 3437 481 3514 haec
519 3437 680 3510 audacia
716 3440 873 3536 quidem
911 3459 950 3512 et
983 3438 1230 3512 audacissima

242 3555 324 3607 esse
349 3535 499 3623 dicunt;
535 3534 605 3620 sed
636 3553 766 3606 tamen
796 3541 896 3612 inter
928 3561 975 3611 ea
1000 3555 1039 3609 et
1060 3555 1232 3626 nostrum

240 3626 369 3702 locum
387 3636 571 3705 interesse
588 3632 799 3732 quandam,
827 3657 927 3731 quae
944 3639 1076 3708 sentiri
1092 3638 1230 3734 potius,

242 3747 373 3826 quam.
411 3733 572 3826 exprimi
619 3728 744 3804 verbis
791 3736 934 3828 possit,
978 3727 1230 3816 differentiam

242 3822 392 3924 (spatd.
424 3849 510 3922 pag.
537 3853 594 3914 27.
621 3833 746 3926 sqq.):
782 3851 871 3926 ego,
902 3831 943 3900 in
970 3825 1066 3900 locis
1096 3828 1230 3900 saltem

240 3945 290 3996 cx
316 3938 410 3994 orat.
436 3944 507 4018 pro
531 3922 654 4012 Sext.;
689 3920 792 3994 Phill.
825 3927 870 3996 ΙΙ.
905 3925 1007 3996 etin
1031 3925 1230 4012 Pisonem,

240 4043 314 4094 nec
339 4017 453 4110 video
478 4020 587 4108 istam
613 4015 878 4108 differentiam,
906 4036 945 4091 et
963 4023 1121 4094 omnino
1139 4021 1232 4120 figu-

37 4179 247 4500 Δ
422 4164 893 4500 nt
