2702 4548
192 1463 194 1476 ι
226 1454 246 1478 ,Ιὶ
270 1463 271 1466 t

247 1465 253 1524 3
353 1496 355 1501 .

84 1585 246 1676 Initium
269 1597 380 1670 huius
399 1598 636 1703 'quaestionis
662 1619 710 1670 ex
742 1597 913 1672 instituto
945 1616 1079 1673 nostre

83 1699 179 1772 'hinc
209 1697 385 1794 facimus,
418 1714 476 1785 ut,
511 1719 612 1798 quae
641 1696 711 1768 riri
743 1695 848 1768 docti
881 1697 931 1770 de
962 1721 1008 1770 ea
1037 1703 1080 1771 in

86 1815 288 1894 utramque
311 1813 460 1894 partem
479 1793 707 1886 adhibuere,
733 1793 961 1866 testimonia
989 1820 1081 1869 con·

84 1889 250 1967 feremus
276 1916 419 1991 eaque,
447 1891 574 1990 qualia
595 1916 684 1965 vere
708 1895 782 1962 sint
801 1892 974 1993 quidque
990 1919 1080 1992 pro-

84 1993 182 2078 bare¹
202 1989 404 2083 videantur
429 2008 607 2070 accurate
634 1991 904 2064 examinemus.
953 1996 1080 2090 Atque

85 2095 126 2163 in
159 2092 211 2161 -iis
252 2091 464 2172 invenimus
496 2097 620 2158 'unum
661 2089 923 2183 gravissimum
962 2089 1080 2185 ipsius

87 2189 286 2262 Ciceronis
308 2183 507 2282 epistolam
533 2183 583 2255 'ad
599 2185 679 2258 Ser.
699 2181 909 2280 Sulpicium
929 2182 1077 2282 (famm.

85 2286 156 2374 IV‚·
179 2285 235 2380 4.)
291 2287 379 2354 Uno
417 2300 458 2352 te
494 2286 712 2366 vincimen
735 2283 853 2378 'quod
881 2285 932 2353 de
963 2285 1080 2354 Mar-

73 2381 200 2462 celli,
253 2379 431 2478 collegae
474 2381 558 2458 tui,
607 2377 736 2450 salute
778 2378 916 2476 paullo
958 2398 1079 2464 ante,
1171 2377 1173 2382 ’

84 2505 208 2579 quam
249 2494 316 2556 tu,
363 2481 632 2574 cognorimus:
669 2478 793 2548 etiarn
833 2477 1078 2570 mehercule,

84 2579 213 2678 quod,
240 2575 571 2674 quemadmodum
587 2594 650 2644 ¹ea
683 2597 742 2644 res
777 2591 986 2672 ageretur,
1016 2579 1080 2645 aia

72 2675 221 2744 dimus
265 2673 375 2744 Nam
398 2675 453 2741 sic
467 2672 548 2765 sac
573 2671 788 2741 existimes:
811 2686 900 2768 post
920 2669 992 2739 lias
1007 2671 1079 2742 mi·

83 2774 276 2842 serias...
304 2768 408 2838 nihil
432 2791 508 2838 esse
533 2778 669 2837 a'ctum
697 2767 811 2836 aliud
835 2791 923 2836 cum
947 2768 1079 2868 digni-

83 2883 180 2937 tate.
246 2867 357 2938 Nam
388 2881 437 2935 et·
460 2869 542 2962 ipse
575 2865 723 2937 Caesar
751 2879 940 2940 accusata
969 2891 1078 2936 acer-

84 2962 213 3034 bitate
232 2961 457 3041 Marcelli)
472 2964 549 3044 (sic
574 2965 679 3032 enim
705 2959 965 3060 appellabat)
991 2962 1098 3034 lau.

82 3060 262 3158 dataque
291 3058 683 3157 honorificentissime
710 3075 750 3129 et
773 3062 981 3156 aequitate
1006 3076 1079 3130 tua

81 3173 126 3228 ‘et
153 3157 391 3252 prudentia,
436 3172 598 3252 repente
654 3173 789 3226 raeter
819 3157 934 3252 spem
949 3157 1077 3234 dixit,

72 3275 123 3322 -se
146 3255 323 3330 senatui,
350 3255 515 3351 roganti
547 3254 597 3323 de
609 3183 806 3334 filarcello
834 3278 885 3322 ne
909 3246 1079 3322 hominis

110 3349 243 3418 uidem
276 3365 398 3418 causa
429 3366 678 3449 negaturum.
741 3353 914 3420 Fecerat
940 3365 1079 3418 autem

81 3376 160 3516 icc
181 3456 362 3524 senatus,
395 3463 464 3526 ut,
500 3473 588 3526 cum
612 3472 650 3517 a.
671 3442 723 3516 L.
749 3445 896 3514 Pisone
928 3448 1077 3518 mentio

81 3559 181 3613 esset
199 3541 324 3638 facta
355 3542 405 3612 de
436 3540 659 3622 Marcello,
698 3558 741 3611 et
774 3565 862 3615 cum
897 3535 936 3613 C.
961 3537 1077 3613 Mar·

20 3631 23 3648 ¹
83 3637 201 3711 cellas
223 3665 263 3708 se
287 3639 344 3708 ad
362 3641 537 3713 Caesaris
556 3641 676 3737 pedes
701 3634 905 3708 abiecisset
910 3680 927 3720 ‚
960 3665 1076 3710 cunc·
1172 3643 1173 3646 ’

82 3753 142 3806 tus
182 3753 456 3835 consurgeret,
503 3756 544 3806 et
579 3734 637 3806 acl
672 3727 877 3808 Caesarem
910 3761 979 3832 sup
1007 3731 1077 3806 lea·

83 3833 299 3904 accederet.
349 3814 449 3906 Noti·
469 3857 679 3932 quaerere:
708 3836 770 3902 ita
794 3829 894 3944 milii
912 3764 1079 3931 puilcher
1161 3839 1163 3843 ’

83 3927 149 3996 hie
178 3931 260 4000 dies
291 3933 397 4000 visus
421 3947 500 4008 est,
535 3946 580 3999 ut
608 3930 776 4028 speciem
806 3930 991 4028 aliquam
1015 3928 1076 3998 υἱ·
1159 3945 1163 3952 ’

83 4027 199 4099 derer
222 4027 359 4100 videre
389 4031 505 4124 quasi
532 4027 787 4104 reviviscentis
824 4024 1074 4123 reipublicae.

364 4139 372 4162 0

676 4123 711 4192 Α
