2730 4524
1025 309 1075 384 ⁶5

92 488 132 560 in
160 484 335 561 laudibus
365 489 533 561 virorum
561 490 851 586 praestantium,
889 514 913 560 a
945 485 1072 566 latinis
1130 527 1132 532 ·

93 583 344 684 frequentari,
372 589 449 684 qui,
482 609 570 658 curn
600 583 798 658 hominem
827 583 969 658 vellent
1004 613 1073 662 oro

91 680 266 780 pleniore
289 681 462 770 laudere,
487 681 591 754 hunc
615 684 806 763 divinum,
832 680 937 755 huno
953 686 1073 758 deum

92 778 340 877 appellarent.
387 781 526 877 Neque
545 797 591 849 ea
608 802 668 849 res
686 780 926 851 mirationem
942 778 1074 853 facere
1128 837 1130 844 ,

91 894 235 974 potest,
268 875 359 950 deos
383 873 469 946 illos
493 873 734 973 publicarum
757 874 984 974 religionum
1010 900 1075 950 co-

91 971 309 1070 gitantibus,
342 995 506 1073 quorum
536 990 640 1044 certe
662 996 742 1044 non
768 971 841 1042 alia
864 991 929 1045 aut
951 978 1075 1046 maior
1192 977 1193 982 ’

92 1069 265 1142 divinitas
289 1090 387 1160 erat,
418 1093 534 1169 quam
563 1073 669 1146 utin
699 1068 874 1142 homines
900 1075 1074 1168 egregios

92 1183 235 1264 posset,
261 1170 342 1241 sine
366 1168 573 1264 impietate,
601 1163 778 1238 conferri.
816 1164 873 1238 Cf.
894 1167 1072 1240 Ciceron.

93 1263 144 1334 de
169 1265 274 1336 Orat.
300 1266 334 1352 Ι,
367 1277 432 1351 23,
469 1286 504 1334 2.
542 1263 741 1360 Equidem
770 1278 811 1333 ce
835 1285 924 1334 oum
946 1269 989 1335 in
1013 1267 1073 1336 di·

92 1361 215 1432 cendo
234 1385 384 1457 semper
395 1363 535 1458 putaui
550 1355 688 1430 deum
708 1374 778 1430 cet.
810 1359 856 1447 Π,
871 1370 928 1449 42,
942 1373 976 1434 6.
1001 1364 1092 1440 dis·¹

87 1460 231 1555 positio
263 1471 605 1555 argumentorum,
636 1458 679 1523 in
703 1479 790 1552 qun
801 1467 845 1524 tu
863 1455 963 1526 milri
974 1451 1075 1530 ¹sem·

88 1577 164 1652 per
194 1551 306 1624 deus
335 1553 468 1622 videri
489 1551 589 1623 soles
618 1568 657 1620 et
688 1563 751 1638 74,
780 1576 809 1623 r.
839 1551 924 1624 Nat.
951 1553 1071 1628 Deor.
1116 1593 1119 1600 ·

91 1653 141 1739 ΙΙ,
170 1675 232 1739 ro,
261 1674 291 1720 1.
319 1650 423 1718 oet''
479 1647 565 1720 Nec
593 1669 685 1718 vero
710 1644 903 1720 difficilior
926 1665 982 1720 est
1008 1648 1084 1726 de·⁴

92 1743 215 1818 fensio
251 1743 404 1817 illorum
435 1746 477 1816 in
513 1769 595 1842 cap.
631 1744 711 1818 Vll.
776 1746 875 1816 Nam
910 1749 1075 1844 primurn

92 1841 250 1941 quidem
272 1845 367 1914 istis:
398 1843 596 1938 Equidem
705 1845 911 1912 consistere
944 1863 1076 1918 orator

92 1964 188 2029 non,
211 1943 307 2037 quia
332 1956 370 2010 et
393 1940 548 2009 Caesari
573 1934 780 2035 aliquando
804 1961 904 2010 mors
930 1938 1075 2011 obeun-

92 2035 159 2124 da,
184 2034 256 2108 sed
281 2043 392 2134 quia,
426 2057 474 2106 eo
499 2051 666 2123 mortuo,
696 2029 861 2129 respubl.
886 2036 929 2103 in
954 2055 1075 2109 extre-

92 2155 194 2204 mum
237 2129 451 2230 periculum
491 2127 652 2202 ventura
686 2131 750 2220 sit,
794 2148 998 2228 propterea
1032 2156 1075 2206 se

94 2232 174 2302 dies
192 2245 401 2327 noctesque
413 2230 464 2299 de
479 2253 527 2298 eo
548 2229 727 2326 cogitare
745 2225 836 2298 dicit
860 2250 908 2300 ao
924 2229 1074 2312 dolere,
1175 2255 1176 2260 ¹

93 2325 279 2426 rempubl.
307 2330 351 2396 in
369 2327 485 2394 unius
502 2322 682 2393 mortalis
698 2326 838 2392 anima
855 2329 1074 2399 consistere.

92 2423 230 2522 Neque
255 2443 327 2520 ego
355 2418 511 2520 quidem
535 2425 576 2490 in
594 2417 652 2491 his
673 2415 931 2492 adulationem
947 2420 1101 2515 videos

51 2555 71 2580 ἰ
92 2520 313 2617 praesertim
337 2539 471 2590 recens
501 2513 549 2588 ab
579 2513 651 2586 illis
683 2514 733 2587 de
757 2518 897 2588 Roscio
925 2540 1078 2592 comoe-

65 2615 67 2620 ’
95 2615 163 2706 do,
189 2615 349 2686 homine
374 2639 462 2688 cum
486 2613 648 2684 Caesare
671 2610 777 2683 nulla
800 2616 949 2686 ratione
974 2639 1079 2687 com·

60 2775 63 2782 .
93 2710 283 2811 parando:
309 2716 396 2808 qui,
423 2736 513 2784 cum
536 2727 632 2781 esset
652 2734 774 2780 senen
798 2726 988 2792 mortuus,
1016 2729 1078 2784 ta·
1144 2773 1150 2782 .

93 2833 182 2892 men
203 2834 278 2907 pro
307 2826 368 2880 ter
392 2807 655 2880 excellentem
679 2821 806 2876 artem
828 2829 878 2876 ac
896 2825 1079 2881 vestusta·

94 2920 173 2977 tem
200 2909 256 2975 mi
283 2905 428 2993 ebatur
459 2905 621 2974 omnino
647 2903 752 2972 mori
780 2927 863 2972 non
890 2901 1078 2979 debuisse.

95 3003 185 3098 (pro
211 2999 327 3073 Aroh.
353 3025 385 3074 c.
414 3000 542 3092 vlu).
595 2998 673 3072 Sed
701 2996 859 3087 deinde,
890 2999 1078 3097 rempubl.

46 3107 47 3112 ’
93 3113 186 3171 tuuc
210 3119 300 3170 vere
323 3099 367 3168 in
389 3099 500 3168 unius
519 3096 688 3168 Caesaris
709 3097 834 3166 anima
855 3099 1079 3188 constitisse,

95 3194 364 3283 cruentissima,
408 3189 519 3264 uibus
534 3210 623 3288 post
638 3195 718 3287 eius
734 3209 898 3262 mortem
910 3190 1081 3264 vastaba-

88 3306 163 3382 ntur,
174 3287 278 3362 bella
290 3307 406 3385 temp
424 3311 495 3362 ene
509 3285 773 3385 comprobant,
781 3303 822 3356 ut
832 3311 912 3358 non
924 3309 1019 3384 opus
1032 3292 1082 3363 sit

27 3406 29 3412 ’
57 3397 59 3400 ’
93 3387 209 3483 ipsius
234 3387 365 3484 magni
389 3383 583 3458 dictatoris
609 3381 659 3456 de
682 3381 758 3457 hoo
773 3381 891 3454 rerba
913 3380 1079 3457 laudari:

97 3483 220 3578 (Suet
246 3485 356 3556 Caes.
382 3481 613 3578 LXXXVI.)
645 3479 736 3552 Alii
750 3477 915 3575 ferunt,
947 3481 1082 3556 dicere

95 3580 271 3660 solitum,
297 3603 379 3650 non
404 3595 489 3662 tam
512 3601 601 3657 suc,
629 3601 749 3674 quam
766 3573 932 3671 reipubl.
955 3580 1081 3651 inter·

65 3687 68 3694 '
98 3698 189 3756 esse,
216 3680 277 3746 uti
299 3673 424 3746 salvus
449 3687 564 3744 esset.-
684 3669 898 3768 rempubl..
930 3675 964 3742 si
985 3673 1086 3767 quid
1154 3699 1160 3702 ·

95 3770 170 3841 sibi
193 3773 384 3853 eveniret.
403 3793 485 3841 ,nec
507 3771 686 3865 quietam
701 3767 798 3862 fore
817 3782 873 3848 et,
898 3767 1084 3867 aliquan·
1159 3795 1160 3798 ¹

67 3879 136 3954 ..to
175 3870 374 3940 deteriore
411 3868 659 3945 conditione,
697 3861 831 3934 civilia
861 3859 965 3934 betta
995 3861 1083 3936 sub·

95 3963 252 4038 ituram.
302 3959 548 4062 Quandoque
580 3979 719 4128 rutterpZ
738 3955 805 4032 illa
828 3975 907 4030 tam
929 3955 1085 4032 fuerunt
