2730 4524
1073 300 1121 376 95

134 515 212 588 que
235 483 452 556 multorum
476 478 633 550 auxilio
655 493 789 576 gestae
794 505 810 566 ;
851 478 952 548 etin
976 475 1050 550 his:
1077 498 1125 550 at

133 610 229 655 ‘uero
266 608 355 652 cum
391 579 450 650 ali
477 579 548 648 uid
580 574 794 646 clementer
830 592 921 666 cet,
963 579 1120 673 quando

135 680 185 756 ad
219 680 393 778 gloriam
429 604 545 744 r'blam
575 675 690 742 unius
722 673 900 746 Caesaris
928 675 990 744 vix
1017 681 1123 771 quic-

135 801 251 877 quam
277 772 368 846 addi
393 773 530 868 potuit:
558 771 748 866 aptissime
771 769 926 862 modus,
958 795 1036 870 quo
1063 797 1123 852 res

134 871 299 947 bellicae
338 871 460 965 accipi
497 864 664 958 soleant,
710 869 766 958 ei,
804 890 881 966 quo
915 866 1124 942 clementer

137 989 206 1044 cet.
236 969 335 1039 lacta
362 966 603 1062 accipiamus,
628 963 746 1036 modo
772 968 827 1036 sic
854 964 1057 1058 confertur,
1083 987 1125 1041 ut

135 1068 226 1139 inde
249 1063 449 1137 facillimus
473 1064 522 1132 sit
546 1083 719 1134 accessus
745 1061 796 1133 ad
814 1053 950 1134 laudes
971 1066 1126 1138 Caesari
1226 1065 1230 1074 “

139 1163 187 1236 de
212 1167 383 1235 restituto
409 1155 593 1230 Marcello
617 1181 782 1230 summas
813 1178 851 1232 et
878 1160 1126 1260 amplissimas
1159 1151 1166 1166 ⁸

137 1259 420 1362 impertiendas.

233 1363 314 1430 Iam
330 1376 422 1426 vero
441 1369 644 1450 postquam
661 1349 742 1423 illa:
769 1353 956 1424 domuisti
981 1409 1038 1430 ...
1065 1362 1125 1428 iu.

138 1458 229 1528 dico
262 1478 284 1524 e
317 1453 464 1522 ratione
497 1449 687 1534 historica
716 1446 827 1537 falsa,
869 1473 891 1522 e
922 1452 1126 1524 rhetorica
1225 1479 1227 1486 ’

137 1555 270 1647 inepta
296 1571 377 1620 esse
405 1547 757 1637 demonstravimus,
793 1570 957 1646 cumque
981 1567 1125 1646 pateat,

142 1671 188 1720 ea
223 1672 299 1719 nec
337 1669 423 1718 cum
461 1643 796 1736 antecedentibus,
835 1669 910 1718 nec
948 1669 1035 1718 cum
1070 1670 1128 1718 se-

142 1744 343 1844 quentibus
376 1741 454 1828 ullo
485 1741 604 1814 modo
638 1742 866 1814 cohaerere:
905 1767 987 1814 non
1013 1742 1130 1816 debe-

140 1840 288 1931 bimus,
315 1859 428 1939 puto,
459 1841 499 1908 in
523 1837 678 1936 singulis
705 1844 951 1928 commorari,
994 1861 1129 1939 utpote

141 1937 188 2010 ab
216 1943 394 2010 orationis
421 1935 642 2008 adversariis
666 1940 719 2008 ita
735 1936 993 2032 reprehensis,
1018 1958 1060 2009 ut
1079 1939 1127 2010 ab

143 2040 222 2108 eius
246 2038 415 2141 patronis
439 2035 643 2102 maximam
669 2032 825 2130 quidem
843 2051 991 2129 partem
1015 2034 1130 2108 facile

145 2130 417 2217 defendentum
445 2146 680 2227 quapropter
696 2130 739 2200 iis
758 2132 878 2201 missis
894 2155 996 2204 nunc
1015 2158 1130 2230 quae-

143 2255 268 2300 ramus
294 2227 342 2298 de
370 2229 520 2316 ceteris,
549 2229 714 2327 quaein
739 2225 817 2301 hoc
842 2231 969 2327 capite
987 2228 1132 2302 Tullia.

143 2353 194 2400 na
218 2325 438 2398 iudicamus.

239 2421 274 2522 §.
301 2451 334 2511 9.
386 2424 467 2498 Sed
489 2438 625 2492 tamen
648 2464 698 2478 ·-
721 2422 966 2521 obstrepi-
989 2425 1130 2522 diliga-

143 2535 243 2612 mus)
306 2521 438 2610 „Unus
467 2523 566 2592 inter
598 2519 750 2592 Oxonn.
780 2518 988 2593 lectionem
1025 2521 1132 2594 exhi.

142 2616 226 2710 bet,
253 2643 368 2716 quam
393 2617 552 2690 fortasse
576 2635 685 2714 optet
709 2621 913 2716 quispiam,
945 2618 1132 2717 obstrepit

144 2714 296 2790 clamor
323 2716 495 2786 militum
524 2732 565 2786 et
596 2715 783 2786 tubarum
810 2719 914 2796 soni,
957 2720 989 2788 si
1013 2715 1131 2789 modo

146 2835 232 2884 cum
270 2814 435 2884 Patricio
471 2814 678 2909 corrigatur
713 2812 838 2883 rebus.
900 2814 947 2885 Et
982 2813 1132 2886 videtur
1197 2860 1199 2864 -

146 2907 261 2980 alium
294 2934 452 3009 quoque
481 2907 675 2982 librarium
704 2911 908 3007 pupugisse
937 2913 1009 2984 ista
1038 2936 1132 3010 poe-

48 3063 52 3072 .
145 3024 268 3078 tarum
300 3026 338 3079 et
367 3005 530 3080 labentis
559 3009 768 3091 Latinitatis
805 3026 992 3081 structura
1022 3009 1132 3084 verbi

146 3105 383 3197 obstrepere,
421 3123 463 3176 ut
518 3104 607 3178 lane
637 3103 741 3178 hunc
777 3104 1003 3184 infinitivum
1041 3111 1133 3177 acti-

145 3225 234 3272 vum
257 3219 431 3296 poneret.
483 3131 594 3273 bont.
620 3201 744 3276 Valer.
764 3204 865 3274 Max.
890 3205 985 3293 VIII,
1015 3218 1070 3292 15,
1096 3215 1131 3292 8.

147 3315 187 3369 et
205 3300 326 3367 ‘l'acit
347 3300 440 3370 Hist.
459 3300 504 3387 Il,
524 3301 616 3384 W
642 3295 762 3370 Wolf.
801 3299 911 3387 „sed
935 3297 998 3370 fac
1022 3304 1134 3372 istam

145 3411 371 3471 structuram
386 3392 495 3466 verbi
514 3396 739 3488 obstrepere
758 3419 838 3466 non
858 3399 1031 3468 usitatam
1046 3395 1135 3470 fuis-

145 3515 187 3564 se
213 3494 408 3581 Ciceronis
435 3510 577 3565 aetate:
610 3495 752 3564 oratori
776 3510 904 3568 tamen
927 3493 1070 3566 licebat
1092 3499 1133 3568 in
1169 3552 1172 3561 .

147 3592 322 3662 oratione
362 3586 585 3662 sublimiore
622 3588 748 3661 forma
783 3595 838 3665 uti
873 3590 1131 3666 insolentiore.

148 3688 317 3760 Omnino
338 3707 465 3760 autem
486 3685 579 3786 quid
603 3691 650 3758 sit
673 3685 836 3760 labentis
862 3692 1083 3781 Latinitatis,
1111 3717 1133 3762 e

121 3788 404 3873 ,monumentis
429 3801 507 3856 tam
531 3786 693 3882 exiguis,
720 3809 822 3884 quae
840 3785 951 3860 nobis
977 3789 1133 3888 reliquit

148 3897 363 3976 temporum
374 3885 566 3983 iniquitas,
577 3880 774 3954 iudicare’'
790 3885 880 3976 (tam
895 3891 1015 3983 certo)
1028 3909 1134 3974 „non

148 4001 436 4076 possumus.
485 3982 530 4054 In
559 3998 637 4053 tam
666 3978 829 4082 simplici
859 4002 985 4058 autem
1015 3979 1132 4056 verbo
