2702 4548
271 333 319 410 36

272 513 439 588 habitam
464 509 581 582 idem
624 513 823 598 convenit;
865 533 993 608 neque
1020 506 1075 578 'id
1119 509 1291 598 obstat,

274 611 379 711 quod
412 609 473 680 hic
499 611 640 679 Caesar
664 625 801 705 aperte
833 611 873 677 in
899 608 1106 676 Antonium
1135 609 1293 680 invec-

272 728 330 781 tus
358 731 438 778 esse
465 706 618 792 dicitur,
645 707 684 773 in
711 713 839 774 nostra
866 723 989 774 autem
1013 707 1194 776 oratione
1223 709 1291 776 sic

274 810 426 898 agnus,-
451 821 493 874 ut
525 801 573 872 de
603 801 820 896 suspicione
850 826 917 872 sua
943 803 1120 874 incertius
1149 820 1289 901 atque

273 902 469 976 obscurius
499 896 728 994 significasse
764 897 969 969 videatur·
1006 899 1103 968 Nam
1142 902 1287 996 ipsum

271 1003 312 1072 in
345 995 602 1070 1.l.verbum
634 996 842 1066 dicebatur
882 992 1124 1092 comprobat,
1172 998 1286 1068 Cae-

271 1119 394 1172 sarem
431 1091 498 1163 illo
536 1091 599 1162 die
631 1115 709 1162 non
739 1092 966 1164 insidiatoris
998 1111 1138 1194 nomen
1173 1093 1283 1164 effa·
1324 1105 1325 1188 l

271 1213 369 1279 tum,
395 1189 464 1262 sed
489 1192 646 1261 omnino
674 1213 746 1262 con
778 1210 933 1261 uastumv
955 1193 1035 1261 esse
1069 1190 1117 1260 de
1148 1197 1282 1290 turpi·
1324 1193 1325 1224 l

270 1289 404 1362 tudine
420 1311 477 1358 -ac
499 1284 733 1382 malignitate
750 1215 972 1376 (lominum,
1008 1290 1074 1384 qui
1098 1285 1163 1358 vel
1188 1315 1279 1360 ma-

270 1390 380 1459 ximis
419 1381 615 1456 beneficiis
653 1381 780 1456 affecti
819 1411 899 1456 non
937 1383 1159 1456 dubitarent
1197 1390 1279 1484 ipsi

270 1485 425 1558 insidias
444 1501 604 1566 struere3
631 1500 766 1578 postea
788 1505 878 1553 vero
900 1507 1014 1580 quam
1043 1481 1091 1551 de
1108 1483 1278 1554 Antonii

273 1580 459 1654 eiusmodi
501 1576 673 1649 facinore
716 1603 845 1649 rumor
879 1583 1002 1669 exiit,
1046 1601 1183 1651 omnes
1231 1584 1274 1651 in

270 1679 376 1750 hunc
395 1679 598 1747 Caesarem
622 1673 689 1767 illo
706 1673 769 1746 die
794 1679 882 1748 satis
908 1694 1047 1775 aperte
1071 1678 1274 1750 invectum

272 1797 354 1847 esse
380 1797 428 1844 co
454 1789 653 1860 noverunt.

368 1798 453 1942 sed
487 1867 564 1941 hoc
601 1886 657 1938 est
690 1867 808 1941 levius
849 1892 941 1970 prae
978 1872 1039 1956 iis,
1084 1869 1133 1942 ad
1172 1895 1270 1970 quas

229 2018 231 2027 ι
271 1991 375 2041 nunc
399 1964 711 2064 respondendum
737 1985 809 2057 est,
865 1966 1137 2054 uaestionibus:
1164 1968 1270 2041 scili-

272 2084 347 2140 cet.
366 2064 548 2164 quidnam
579 2066 702 2162 ipsum
738 2063 803 2135 illo
835 1991 906 2134 die
941 2063 1003 2137 vel
1036 2066 1177 2139 Caesar
1216 2064 1268 2137 ad

270 2181 444 2236 senatum
469 2159 639 2232 retulisse
656 2161 845 2251 videatur,
871 2161 933 2233 vel
957 2161 1020 2234 hic
1039 2160 1266 2236 decrevisse.

174 2262 176 2266 ’
271 2262 356 2332 Nec
396 2258 446 2330 de
483 2262 528 2330 iis
566 2257 737 2330 Weiskio
776 2263 978 2330 assentiorz
1026 2261 1266 2349 „Caesarem

271 2355 389 2430 verba
413 2353 547 2428 fecisse
578 2357 627 2426 de
652 2357 802 2426 insidiis
833 2355 983 2426 eonsrdi
1013 2362 1109 2440 (sive
1139 2361 1266 2428 dicta-

272 2458 374 2542 tori)
391 2451 517 2546 faecis
547 2468 585 2522 ei
613 2447 846 2524 consuluisse
874 2470 1075 2533 senatum»,
1107 2459 1193 2554 quis
1216 2481 1262 2525 eo

271 2555 433 2622 nornine
456 2565 647 2646 suspectus
675 2549 880 2636 videretur
909 2566 986 2619 arat
1015 2552 1112 2648 qnid
1142 2553 1191 2621 de
1215 2577 1261 2622 eo

270 2647 525 2720 statuendam
556 2660 675 2725 esset,
710 2648 818 2714 cuius
847 2648 1015 2716 insidiae
1050 2647 1263 2744 deprehen-

270 2769 339 2816 sae
367 2743 544 2839 forant.“
586 2746 692 2838 (pag.
731 2744 812 2834 58.)
857 2746 1001 2840 quippe
1044 2741 1144 2842 quae'
1182 2768 1261 2818 non

270 2839 390 2911 modo
417 2857 630 2935 repugnent
652 2842 727 2925 iis,'
742 2861 842 2936 quae
869 2837 915 2910 de
941 2841 1069 2938 magni
1094 2843 1164 2911 viri
1189 2843 1261 2914 cle-

269 2938 414 3010 mentia
437 2953 592 3007 narrant
620 2932 799 3026 Velleius,
824 2935 1044 3027 SuetoniuS,
1070 2941 1148 3010 Dio
1175 2940 1261 3011 Cas-

270 3037 345 3107 sius
372 3051 462 3118 cet.;
499 3033 567 3104 sed
600 3035 714 3102 etiam
743 3049 822 3102 tum
856 3030 903 3103 ab
935 3033 1008 3106 illis
1033 3040 1074 3106 in
1098 3033 1189 3106 Phil.
1213 3040 1258 3126 Π,

272 3157 348 3219 29.‚
391 3147 473 3200 tum
516 3129 563 3200 ab
607 3131 690 3226 ipsa
732 3133 907 3202 oratione
944 3150 1073 3202 nostra
1099 3135 1259 3229 ‘penitus

270 3228 458 3300 aberrent.
529 3228 704 3325 Namque
737 3249 785 3298 er
818 3227 895 3299 hae
927 3228 1081 3326 quidem
1113 3229 1152 3300 id
1181 3228 1259 3303 fere

236 3345 238 3349 “
271 3324 473 3398 efficimus:
527 3325 734 3398 Caesarem
765 3328 807 3394 in
837 3343 979 3396 senata
1011 3327 1258 3424 conquestum

270 3449 348 3495 esse
379 3425 429 3492 de
461 3424 610 3492 insidiis
640 3421 692 3491 ab
729 3420 951 3490 hominibus
989 3427 1258 3522 ingratissimis

269 3519 345 3592 sibi
376 3522 551 3616 paratis,
594 3519 839 3614 eandemque
867 3519 1085 3598 addidisse,
1122 3543 1161 3589 se
1188 3519 1257 3591 sibi
1324 3599 1325 3614 χ

271 3616 426 3714 quidem
462 3630 504 3683 ec
533 3613 689 3714 gloriae
730 3638 824 3685 suae
864 3619 957 3684 satis
993 3618 1064 3686 diu·
1099 3620 1256 3704 viniis&

270 3715 303 3782 si
325 3711 423 3808 qnid
445 3711 546 3807 ipsis*
563 3727 604 3779 et
630 3707 792 3808 reipubl.
823 3709 989 3807 paschae
1020 3716 1143 3782 etiam
1168 3739 1256 3809 pro·

270 3809 375 3878 desse
399 3830 510 3904 posse
533 3808 759 3885 videretur,
790 3817 1013 3888 cernerent,
1053 3809 1151 3907 quid
1178 3809 1255 3879 oel-

271 3904 358 3974 lent
385 3902 505 3999 fieri,
547 3925 597 3970 ne
631 3907 711 3973 istis
748 3906 941 3982 interiret.
1005 3902 1255 3998 Quemadmo-

273 3998 364 4071 dum
401 4019 491 4070 vero
527 3999 605 4068 iam
633 3997 809 4089 vidimus,
849 4001 1020 4074 Caesaris
1056 4005 1096 4072 in
1127 4020 1253 4088 senatu
