2730 4524
1011 327 1094 407 ,81

103 511 197 584 toris
228 510 395 608 suspicio
434 510 614 598 nascitur,
655 507 761 608 quod
786 507 974 582 non‘istis
997 491 1113 582 invi-¹

106 609 346 682 diosissimis:
384 631 465 677 non
496 611 635 677 timore
664 607 817 704 aliquo,
854 609 923 678 sed
940 613 1091 704 partim

102 706 258 785 dolore,
293 708 443 803 purtim
472 703 717 772 verecundia
759 701 836 774 ulla
884 701 1089 800 explicatio

101 825 172 873 seu
196 803 423 900 temperatio
449 799 616 884 additum
643 799 712 874 sed
727 797 895 870 illorum:
921 804 1089 870 Diutur-

103 902 150 968 m'
195 898 345 968 silentii
379 895 509 993 finem
558 895 769 967 hodiernus
811 899 892 967 dies
933 897 1091 975 attulit,

102 997 275 1064 omnium
323 993 386 1065 hic
433 992 723 1081 levissimorum,
774 997 872 1064 ratio
915 997 1088 1090 ponitur:

107 1093 283 1162 Tantam
313 1093 427 1161 'enim
464 1092 803 1175 mansuetudinem
943 1095 1089 1160 tacitus

103 1187 216 1256 nullo
252 1190 368 1259 morlo
399 1179 617 1283 praeterire
648 1207 812 1282 possum.
881 1187 931 1257 At
968 1185 1092 1258 homo·

100 1307 293 1354 summum
332 1283 503 1352 Caesaris
541 1283 900 1360 mansuetudinem,
933 1285 1088 1354 inaudi-

34 1453 39 1464 ,
100 1380 462 1450 tumelementz'am
482 1373 559 1449 cet.
584 1374 758 1468 laudare,
798 1401 913 1475 quarn
944 1378 994 1450 ad
1018 1381 1098 1452 ista.

101 1479 312 1573 quicquam
350 1473 515 1546 adiicere
550 1471 697 1562 maluit,
738 1493 944 1570 propterea
979 1474 1088 1573 quod

97 1595 322 1668 persuasum
346 1568 528 1660 habebat,
554 1569 610 1640 illi
634 1569 729 1640 nihil
755 1595 835 1642 esse
854 1574 992 1668 gratius
1007 1569 1088 1643 lau·

101 1667 153 1738 de
179 1677 237 1755 et,
253 1673 284 1740 si
311 1666 412 1766 quid
429 1671 468 1738 in
492 1665 630 1739 verbis:
658 1693 747 1736 non·
764 1671 905 1740 timore
932 1686 1003 1740 cet.
1031 1693 1087 1740 es-

98 1782 158 1836 set
195 1765 427 1855 acerbitatis,
457 1764 542 1836 ‘hoc
580 1786 668 1834 eum
703 1786 796 1860 prae
832 1762 930 1836 illius
957 1763 1087 1838 dulcess

100 1861 192 1933 dine
218 1866 372 1932 minime
398 1884 613 1948 sensurum3
641 1861 759 1959 quare
786 1885 849 1933 exs
881 1880 1000 1954 ectes,
1033 1863 1086 1934 al*

98 1975 199 2048 tero,
237 1958 341 2056 quod
364 1947 448 2028 iam'
464 1961 650 2056 sequitur,
689 1962 795 2027 enim
824 1885 889 2028 illa
915 1959 965 2030 de
991 1962 1086 2033 Cae·

97 2059 190 2127 saris
221 2057 521 2125 mansuetudine
561 2071 633 2124 cet.
674 2056 789 2123 etiam
828 2061 973 2152 augeri,
1016 2081 1085 2130 seu

96 2150 265 2250 probari,
291 2153 457 2246 virtutes
473 2148 556 2222 illas
581 2171 671 2220 vere
703 2171 784 2222 esse
808 2169 950 2239 tantas,
989 2179 1084 2252 quas
1132 2165 1133 2170 ’

76 2271 214 2320 *nemo
245 2249 363 2344 possit
392 2252 525 2320 tacitus
555 2251 780 2344 praeterire3
807 2248 891 2320 sed
922 2247 1082 2323 falleris:

125 2351 195 2443 uip·
220 2368 241 2415 e
265 2343 323 2416 his
347 2344 473 2417 valere
496 2348 623 2435 iussis,
645 2343 790 2434 subito,
816 2369 936 2446 ¹quam
961 2347 1084 2422 nullus

97 2369 310 2530 lesiieres,
343 2441 455 2514 aliam
484 2448 672 2538 rationem
698 2447 838 2541 accipis
861 2444 1083 2517 verborum:

95 2545 292 2613 Diuturni
331 2540 478 2612 silentii
599 2541 727 2638 ¹finem
758 2542 968 2613 hodiernus
1002 2545 1084 2614 dies

95 2637 317 2709 attulit
366 2639 427 2710 M.
455 2640 560 2709 enlm
585 2637 783 2710 Marcello
806 2639 934 2717 uobis,
965 2637 1012 2710 P.
1040 2641 1080 2712 C.

17 2797 20 2803 Α
96 2787 154 2808 ...
182 2735 336 2805 reddito
363 2785 420 2808 ...
447 2759 576 2806 meum
593 2740 715 2806 etiam
734 2759 873 2804 vocem
889 2751 929 2804 et
944 2743 1083 2806 nuclei

95 2835 260 2902 ritatem
296 2815 409 2903 vobis
445 2837 663 2903 restitutam
695 2847 806 2927 puto.
875 2831 985 2925 Quae
1022 2854 1080 2904 se·

97 2945 281 3026 quuntur:
300 2928 498 2999 Dolebnm
517 2934 624 2998 enim
640 2983 647 2998 .
664 2944 699 2999 .’.
721 2929 928 3009 distructO,
947 2955 1079 3028 quam·

93 3029 149 3097 vis
173 3022 371 3096 intervallo
398 3025 617 3114 brevissimo
650 3028 802 3097 tertium
835 3030 941 3096 enim
965 3018 1111 3100 veho-s
1193 3051 1198 3061 ·

93 3138 243 3192 menter
274 3120 488 3220 displiceat,
519 3143 589 3219 per
618 3145 659 3196 se
689 3121 845 3220 quidem
873 3121 963 3194 ferri
991 3148 1079 3221 pos-

92 3236 196 3304 sunt3
228 3219 270 3286 in
293 3217 350 3288 his
376 3235 504 3289 autem
534 3221 643 3316 Ergo
762 3223 953 3314 aperuisti
981 3217 1078 3291 nihil

92 3315 213 3387 habes
245 3314 319 3384 nisi
348 3312 517 3386 illorum:
555 3318 735 3413 idemque
764 3315 940 3396 initium,
971 3341 1077 3413 nune

93 3407 236 3485 uellem
340 3416 506 3508 pristino
538 3435 645 3485 nzore
674 3409 833 3478 dicendi
856 3429 894 3480 et
916 3416 1074 3511 propius

94 3514 206 3581 etiam
235 3506 558 3579 antecedentium:
585 3509 644 3578 M.
664 3511 770 3575 erum
788 3508 981 3578 Marcello
1002 3527 1073 3582 cet.

92 3610 131 3678 in·
160 3624 279 3677 ratam
303 3608 586 3701 repetitionem,
614 3621 652 3674 et
675 3606 717 3673 in
735 3601 881 3672 verbis:
910 3604 968 3674 lu's
992 3633 1073 3676 om·

92 3629 205 3802 nilus
228 3704 285 3774 ud
308 3703 407 3774 bene
431 3703 481 3771 de
506 3705 615 3771 enini
638 3697 785 3797 republ.
819 3716 889 3790 cet.
922 3703 1074 3776 conclu·

91 3805 241 3871 sionem
267 3803 351 3891 cui,
382 3821 469 3872 cum
492 3823 573 3870 non
597 3801 644 3868 sit
667 3799 932 3893 praemissum,
968 3800 1072 3872 unde

90 3892 193 3968 facta
223 3919 305 3982 esse
335 3901 469 3994 possit,
508 3893 762 3970 claudicantia
791 3893 888 3966 haec
918 3896 1072 3968 subiun-

92 4012 245 4094 guntur:
277 3995 529 4069 Intellectum
560 4011 620 4068 esc
645 3995 752 4064 enim
857 3995 1069 4090 anteferre.

677 4087 706 4164 F
