2702 4548
1068 245 1080 269 Ι

87 527 279 624 fuerunt.
347 521 464 592 Hisce
512 517 713 588 Gaesarem
765 516 937 591 credulas
985 545 1093 594 aures

98 619 325 722 praebuisse
351 615 580 713 putabimus,
620 637 752 712 quem,
789 617 875 688 curn
901 641 946 687 ea
971 624 1094 690 oratio

102 736 204 791 esset
234 713 430 803 habenda,
476 711 613 786 dixisse
645 710 761 782 refert
793 713 1028 786 Plutarchus:
1059 705 1098 791 ri

99 811 234 890 κωλύει
265 800 329 888 iai
359 805 486 932 χρόνον
519 802 696 910 Κικέρωνος
727 808 881 884 distem
910 803 1094 909 λέγοντοςς

101 906 182 988 ἐπεὶ
206 900 333 983 ndum
356 932 520 1011 augunt.
535 897 737 1010 (Λιγάριος)
761 904 908 1012 πονηροὶ
932 909 1016 1015 (istie
1038 907 1098 986 καὶ

102 1000 334 1101 πολέμιοὲῗ“
666 1027 669 1034 “

203 1101 305 1194 Quid
329 1125 422 1172 vero
455 1099 624 1171 dicamus
658 1099 707 1173 de
736 1098 810 1192 his,
834 1105 944 1200 'quae
974 1103 1095 1175 adno-

105 1218 233 1275 tantur
257 1198 306 1269 ad
334 1218 417 1295 cap.
444 1199 539 1270 vttt.
555 1209 624 1284 25.
679 1201 823 1298 Itaque
848 1199 958 1270 illam
983 1219 1096 1272 tuum

101 1299 463 1402 praeclarissimam
509 1311 550 1366 et
590 1299 914 1392 sapientissimum
957 1315 1097 1369 vocem

104 1400 247 1467 z'nvitus
260 1394 426 1463 *audisis
458 1395 554 1462 sutis
584 1408 622 1461 ce
653 1393 722 1460 dia
747 1395 815 1461 vel
837 1412 1009 1472 araturae
1034 1399 1096 1464 vi-

103 1497 206 1564 xisse
231 1488 301 1560 vel
320 1490 488 1586 gloriae.
539 1491 672 1576 „Haec
701 1490 789 1559 satis
821 1506 962 1561 temere
994 1491 1097 1562 dicta

104 1607 212 1660 sunt:
246 1611 333 1656 nam
366 1589 431 1684 qui
465 1585 583 1658 modo
608 1598 655 1670 54
682 1589 814 1656 aetatis
840 1613 980 1658 anuum
1013 1591 1098 1659 atti-

107 1687 177 1784 git,
195 1682 375 1754 'nondum
407 1701 564 1754 naturae
593 1680 819 1757 satisfecisse
849 1685 1013 1756 vivendo
1046 1689 1097 1756 vi-

108 1783 254 1854 detur.“
293 1777 411 1852 Wolf.
443 1783 633 1876 ·Nempe,
700 1784 755 1850 uis
793 1807 870 1852 non
911 1782 1099 1856 audiverit

106 1881 318 1952 sexcenties
349 1876 522 1948 homines
553 1875 815 1949 imbeciiioris
853 1877 1095 1972 valetudinis,
1192 1882 1195 1890 '

105 1976 169 2050 vel
199 1980 364 2046 minores
401 1992 641 2073 natuquam
678 1991 769 2047 tunc
804 1978 946 2048 Caesar
982 1997 1095 2068 esset,

108 2075 297 2162 dictitare,
340 2095 382 2142 se
413 2095 504 2142 suae
535 2069 692 2169 quidem
727 2091 887 2144 naturae
926 2078 1012 2146 satis
1051 2098 1099 2146 ac

72 2169 74 2176 ’
111 2171 248 2242 diutius
272 2172 421 2259 vixisse,
460 2193 576 2267 quam
607 2192 699 2268 Prae
730 2167 795 2240 ilia
824 2170 1103 2270 speraiissenti

109 2267 172 2340 De
216 2271 375 2339 Caesare
419 2289 511 2338 vero
551 2267 766 2339 Suetonius¹
793 2271 914 2367 (cap.'
934 2270 1036 2340 XLV
1061 2289 1101 2362 et
1211 2311 1215 2324 -

108 2367 332 2461 LXXXVI.)
368 2363 466 2437 haec
501 2362 649 2434 scribit:
700 2367 973 2464 Suspicionem
1003 2367 1104 2441 Caes

108 2489 173 2536 sar
205 2461 439 2560 quibusdam
472 2487 628 2532 suorum
659 2457 839 2560 reliquit)
872 2489 1004 2561 neque
1028 2489 1101 2534 vo-

110 2562 221 2632 luisse
253 2561 400 2629 diutius
428 2563 585 2658 uisere,
625 2583 754 2656 neque
786 2581 961 2639 curasse,
993 2561 1105 2660 quod
1140 2627 1141 2632 ,

110 2656 341 2728 valetitdine
366 2659 493 2725 minus
513 2679 702 2753 prospera
729 2671 915 2726 uteretur.
1026 2671 1031 2682 ’
1097 2671 1102 2682 ·

205 2753 512 2850 Neque-iustius
548 2752 645 2822 haec
683 2768 778 2848 puto
816 2750 963 2851 culpari
1005 2755 1107 2852 Cap:

108 2853 175 2926 XJ.
201 2863 277 2936 33.:
329 2849 409 2921 Sed
438 2847 648 2948 'quianon
677 2865 732 2918 est
756 2851 950 2921 stantibus
975 2853 1104 2922 onzni-

112 2949 181 3020 bus
213 2945 364 3016 necesse
381 2947 543 3026 dicere,
569 2969 596 3014 a
622 2969 683 3016 me
706 2963 819 3016 certe
844 2947 934 3017 dici·
955 2943 1108 3019 volatis

113 3061 184 3118 cet.
220 3064 350 3139 „prae
367 3039 573 3139 cupiditate
607 3067 674 3113 sua
705 3041 844 3114 oblitus
864 3042 938 3116 ·hic
963 3044 1104 3117 Cicero·

113 3138 295 3236 epistulae
324 3141 418 3210 suae
449 3139 511 3209 ad·
529 3136 737 3236 Sulpicium
753 3153 756 3162 ’
775 3139 923 3232 (famus
954 3143 1016 3223 tv,
1045 3137 1111 3236 4.’)“

114 3254 261 3310 ceteros
289 3236 493 3308 Senatores
512 3237 658 3306 cinnes
688 3235 796 3307 finxit
824 3235 948 3308 verbo
974 3255 1103 3306 essen*-

111 3339 295 3411 tiences„
313 3336 381 3404 ,M
414 3336 458 3403 T.
492 3327 737 3404 Ciceronem'
760 3349 1002 3404 sementem·
1030 3355 1101 3429 pro

111 3433 189 3502 istis
231 3429 427 3502 omnibus.
447 3447 485 3500 et
520 3436 688 3527 ipsorum
723 3429 884 3499 nomine
912 3431 1109 3527 iussuque

12 3537 19 3550 '
99 3529 318 3616 dicentem.
375 3527 431 3597 Ea
457 3547 524 3596 ‘res
556 3527 764 3624 uequeIita
789 3524 890 3597 facta
923 3545 994 3614 est,
1028 3551 1107 3600 nec·

111 3628 236 3722 potuit
253 3621 606 3710 fieri·ulio›1i10d0‚“
631 3644 715 3711 nec,
735 3621 930 3720 quodego
951 3624 1100 3715 adiici0‚

111 3725 309 3793 nostruin
334 3718 424 3792 loco
450 3725 500 3790 ita
525 3718 627 3791 iacta
651 3743 732 3794 esse
753 3717 900 3793 dicitur.
950 3723 1111 3819 Quippe¹

111 3819 154 3888 in
175 3841 227 3888 eo
250 3817 345 3889 nihil
362 3818 519 3914 legimus
545 3816 594 3887 de
612 3819 742 3888 ceteris
760 3817 997 3908 senatoribus
1024 3821 1104 3890 oni·
1156 3887 1158 3892 .

113 3912 224 3986 nibus
244 3915 370 4010 ¹verbo·
395 3913 699 3997 assentientibus3
725 3913 795 3986 sed
820 3935 966 3987 tautum
990 3919 1102 4011 sigui·

114 4009 263 4102 ficetur,
301 4039 402 4084 non.
422 4037 556 4086 omnes
594 4013 749 4084 Caesari
775 4017 922 4112 'gratias
966 4011 1111 4108 egisse‚'
