<?xml version="1.0" encoding="UTF-8"?>
<!DOCTYPE html PUBLIC "-//W3C//DTD XHTML 1.0 Transitional//EN"
    "http://www.w3.org/TR/xhtml1/DTD/xhtml1-transitional.dtd">
<html xmlns="http://www.w3.org/1999/xhtml" xml:lang="en" lang="en">
 <head>
  <title>
</title>
<meta http-equiv="Content-Type" content="text/html;charset=utf-8" />
  <meta name='ocr-system' content='tesseract 3.04.00' />
  <meta name='ocr-capabilities' content='ocr_page ocr_carea ocr_par ocr_line ocrx_word'/>
</head>
<body>
  <div class='ocr_page' id='page_1' title='image "./deorationequaei00jacogoog_0118.png"; bbox 0 0 2730 4524; ppageno 0'>
   <div class='ocr_carea' id='block_1_1' title="bbox 1079 343 1226 409">
    <p class='ocr_par' dir='ltr' id='par_1_1' title="bbox 1079 343 1226 409">
     <span class='ocr_line' id='line_1_1' title="bbox 1079 343 1226 409; baseline -0.027 0"><span class='ocrx_word' id='word_1_1' title='bbox 1079 343 1226 409; x_wconf 73' lang='lat'>99¹·</span> 
     </span>
    </p>
   </div>
   <div class='ocr_carea' id='block_1_2' title="bbox 54 511 1240 4022">
    <p class='ocr_par' dir='ltr' id='par_1_2' title="bbox 54 511 1240 4022">
     <span class='ocr_line' id='line_1_2' title="bbox 135 511 1125 625; baseline -0.013 -23"><span class='ocrx_word' id='word_1_2' title='bbox 135 547 233 618; x_wconf 91' lang='lat' dir='ltr'>turn,</span> <span class='ocrx_word' id='word_1_3' title='bbox 266 525 358 625; x_wconf 90' lang='lat' dir='ltr'>quia</span> <span class='ocrx_word' id='word_1_4' title='bbox 387 545 429 592; x_wconf 85' lang='lat' dir='ltr'>os</span> <span class='ocrx_word' id='word_1_5' title='bbox 457 516 531 590; x_wconf 86' lang='lat' dir='ltr'>hic</span> <span class='ocrx_word' id='word_1_6' title='bbox 553 516 710 588; x_wconf 90' lang='lat' dir='ltr'>omnino</span> <span class='ocrx_word' id='word_1_7' title='bbox 743 511 1033 588; x_wconf 70' lang='lat' dir='ltr'>intolerabiliter</span> <span class='ocrx_word' id='word_1_8' title='bbox 1066 519 1125 590; x_wconf 90' lang='lat' dir='ltr'>in·</span> 
     </span>
     <span class='ocr_line' id='line_1_3' title="bbox 136 609 1233 725; baseline -0.012 -25"><span class='ocrx_word' id='word_1_9' title='bbox 136 637 224 725; x_wconf 81' lang='lat' dir='ltr'>ept&#39;e</span> <span class='ocrx_word' id='word_1_10' title='bbox 263 609 392 693; x_wconf 83' lang='lat' dir='ltr'>habet.</span> <span class='ocrx_word' id='word_1_11' title='bbox 454 617 553 688; x_wconf 88' lang='lat' dir='ltr'>Nam</span> <span class='ocrx_word' id='word_1_12' title='bbox 591 611 699 712; x_wconf 87' lang='lat' dir='ltr'>quod</span> <span class='ocrx_word' id='word_1_13' title='bbox 734 611 974 712; x_wconf 85' lang='lat' dir='ltr'>Spaldingius</span> <span class='ocrx_word' id='word_1_14' title='bbox 1009 613 1122 689; x_wconf 85' lang='lat' dir='ltr'>dicit:</span> <span class='ocrx_word' id='word_1_15' title='bbox 1205 627 1233 708; x_wconf 68' lang='lat'>&#39;,</span> 
     </span>
     <span class='ocr_line' id='line_1_4' title="bbox 135 710 1124 878; baseline -0.013 -82"><span class='ocrx_word' id='word_1_16' title='bbox 135 719 296 815; x_wconf 81' lang='lat' dir='ltr'><strong>„Refert</strong></span> <span class='ocrx_word' id='word_1_17' title='bbox 320 717 396 789; x_wconf 90' lang='lat' dir='ltr'>hoc</span> <span class='ocrx_word' id='word_1_18' title='bbox 419 710 507 786; x_wconf 92' lang='lat' dir='ltr'>loco</span> <span class='ocrx_word' id='word_1_19' title='bbox 528 733 666 878; x_wconf 75' lang='lat' dir='ltr'>corpus</span> <span class='ocrx_word' id='word_1_20' title='bbox 685 714 1124 809; x_wconf 72' lang='lat' dir='ltr'>magis-quamanimum</span> 
     </span>
     <span class='ocr_line' id='line_1_5' title="bbox 136 806 1126 909; baseline -0.013 -16"><span class='ocrx_word' id='word_1_21' title='bbox 136 821 260 909; x_wconf 88' lang='lat' dir='ltr'>cerni,</span> <span class='ocrx_word' id='word_1_22' title='bbox 275 835 374 898; x_wconf 83' lang='lat' dir='ltr'>&#39;cum</span> <span class='ocrx_word' id='word_1_23' title='bbox 396 809 548 884; x_wconf 89' lang='lat' dir='ltr'>illorum</span> <span class='ocrx_word' id='word_1_24' title='bbox 573 833 595 876; x_wconf 90' lang='lat' dir='ltr'>a</span> <span class='ocrx_word' id='word_1_25' title='bbox 624 809 784 880; x_wconf 85' lang='lat' dir='ltr'>sentium</span> <span class='ocrx_word' id='word_1_26' title='bbox 808 806 1024 897; x_wconf 88' lang='lat' dir='ltr'>hominum,</span> <span class='ocrx_word' id='word_1_27' title='bbox 1050 832 1126 881; x_wconf 91' lang='lat' dir='ltr'>nec</span> 
     </span>
     <span class='ocr_line' id='line_1_6' title="bbox 133 902 1125 1015; baseline -0.029 -23"><span class='ocrx_word' id='word_1_28' title='bbox 133 940 307 1015; x_wconf 84' lang='lat' dir='ltr'>unquam</span> <span class='ocrx_word' id='word_1_29' title='bbox 330 914 510 998; x_wconf 82' lang='lat' dir='ltr'>visorum,</span> <span class='ocrx_word' id='word_1_30' title='bbox 545 928 676 976; x_wconf 85' lang='lat' dir='ltr'>sensus</span> <span class='ocrx_word' id='word_1_31' title='bbox 736 902 863 974; x_wconf 87' lang='lat' dir='ltr'>uidem</span> <span class='ocrx_word' id='word_1_32' title='bbox 895 922 934 974; x_wconf 85' lang='lat' dir='ltr'>et</span> <span class='ocrx_word' id='word_1_33' title='bbox 958 907 1029 1001; x_wconf 85' lang='lat' dir='ltr'>ipsi</span> <span class='ocrx_word' id='word_1_34' title='bbox 1054 929 1125 1002; x_wconf 81' lang='lat' dir='ltr'>po.</span> 
     </span>
     <span class='ocr_line' id='line_1_7' title="bbox 134 929 1125 1103; baseline -0.016 -13"><span class='ocrx_word' id='word_1_35' title='bbox 134 1015 277 1089; x_wconf 84' lang='lat' dir='ltr'>tuerint</span> <span class='ocrx_word' id='word_1_36' title='bbox 302 1009 492 1103; x_wconf 88' lang='lat' dir='ltr'>conspici,</span> <span class='ocrx_word' id='word_1_37' title='bbox 517 1005 693 1075; x_wconf 29' lang='lat' dir='ltr'>necssine</span> <span class='ocrx_word' id='word_1_38' title='bbox 708 929 851 1072; x_wconf 69' lang='lat' dir='ltr'>diserte</span> <span class='ocrx_word' id='word_1_39' title='bbox 870 999 1001 1074; x_wconf 88' lang='lat' dir='ltr'>addita</span> <span class='ocrx_word' id='word_1_40' title='bbox 1019 1027 1125 1076; x_wconf 85' lang='lat' dir='ltr'>men·</span> 
     </span>
     <span class='ocr_line' id='line_1_8' title="bbox 54 1095 1124 1270; baseline -0.007 -90"><span class='ocrx_word' id='word_1_41' title='bbox 54 1171 58 1180; x_wconf 93' lang='lat'>.</span> <span class='ocrx_word' id='word_1_42' title='bbox 135 1107 244 1184; x_wconf 88' lang='lat' dir='ltr'>tione</span> <span class='ocrx_word' id='word_1_43' title='bbox 269 1111 345 1179; x_wconf 84' lang='lat' dir='ltr'>oris</span> <span class='ocrx_word' id='word_1_44' title='bbox 370 1121 408 1177; x_wconf 89' lang='lat' dir='ltr'>et</span> <span class='ocrx_word' id='word_1_45' title='bbox 422 1103 555 1270; x_wconf 53' lang='lat' dir='ltr'>[aciei</span> <span class='ocrx_word' id='word_1_46' title='bbox 583 1101 672 1168; x_wconf 87' lang='lat' dir='ltr'>insit</span> <span class='ocrx_word' id='word_1_47' title='bbox 701 1095 900 1170; x_wconf 85' lang='lat' dir='ltr'>manifesta</span> <span class='ocrx_word' id='word_1_48' title='bbox 932 1122 982 1198; x_wconf 94' lang='lat' dir='ltr'>op</span> <span class='ocrx_word' id='word_1_49' title='bbox 1014 1103 1124 1172; x_wconf 89' lang='lat' dir='ltr'>ositio</span> 
     </span>
     <span class='ocr_line' id='line_1_9' title="bbox 137 1123 1126 1306; baseline -0.012 -24"><span class='ocrx_word' id='word_1_50' title='bbox 137 1228 177 1282; x_wconf 88' lang='lat' dir='ltr'>et</span> <span class='ocrx_word' id='word_1_51' title='bbox 201 1205 372 1306; x_wconf 82' lang='lat' dir='ltr'>gradatio</span> <span class='ocrx_word' id='word_1_52' title='bbox 399 1225 420 1272; x_wconf 90' lang='lat' dir='ltr'>a</span> <span class='ocrx_word' id='word_1_53' title='bbox 474 1220 542 1287; x_wconf 89' lang='lat' dir='ltr'>eo,</span> <span class='ocrx_word' id='word_1_54' title='bbox 574 1191 679 1294; x_wconf 91' lang='lat' dir='ltr'>quod</span> <span class='ocrx_word' id='word_1_55' title='bbox 708 1192 774 1264; x_wconf 87' lang='lat' dir='ltr'>fiat</span> <span class='ocrx_word' id='word_1_56' title='bbox 805 1198 951 1292; x_wconf 80' lang='lat' dir='ltr'>magnis</span> <span class='ocrx_word' id='word_1_57' title='bbox 975 1123 1047 1269; x_wconf 82' lang='lat' dir='ltr'>illis</span> <span class='ocrx_word' id='word_1_58' title='bbox 1072 1202 1126 1270; x_wconf 88' lang='lat' dir='ltr'>vi-</span> 
     </span>
     <span class='ocr_line' id='line_1_10' title="bbox 137 1288 1126 1395; baseline -0.011 -17"><span class='ocrx_word' id='word_1_59' title='bbox 137 1309 197 1395; x_wconf 87' lang='lat' dir='ltr'>ris,</span> <span class='ocrx_word' id='word_1_60' title='bbox 226 1329 248 1378; x_wconf 84' lang='lat' dir='ltr'>e</span> <span class='ocrx_word' id='word_1_61' title='bbox 271 1299 375 1374; x_wconf 90' lang='lat' dir='ltr'>libris</span> <span class='ocrx_word' id='word_1_62' title='bbox 398 1293 520 1368; x_wconf 89' lang='lat' dir='ltr'>modo</span> <span class='ocrx_word' id='word_1_63' title='bbox 547 1291 717 1386; x_wconf 64' lang='lat' dir='ltr'>cognitis</span> <span class='ocrx_word' id='word_1_64' title='bbox 746 1288 795 1361; x_wconf 87' lang='lat' dir='ltr'>ad</span> <span class='ocrx_word' id='word_1_65' title='bbox 820 1290 872 1378; x_wconf 94' lang='lat' dir='ltr'>id,</span> <span class='ocrx_word' id='word_1_66' title='bbox 899 1293 1005 1388; x_wconf 91' lang='lat' dir='ltr'>quod</span> <span class='ocrx_word' id='word_1_67' title='bbox 1030 1297 1126 1368; x_wconf 88' lang='lat' dir='ltr'>Cae-</span> 
     </span>
     <span class='ocr_line' id='line_1_11' title="bbox 105 1385 1125 1500; baseline -0.012 -23"><span class='ocrx_word' id='word_1_68' title='bbox 105 1430 112 1448; x_wconf 71' lang='lat'><em>¹</em></span> <span class='ocrx_word' id='word_1_69' title='bbox 136 1406 211 1477; x_wconf 89' lang='lat' dir='ltr'>sari</span> <span class='ocrx_word' id='word_1_70' title='bbox 234 1395 428 1500; x_wconf 79' lang='lat' dir='ltr'>praesenti</span> <span class='ocrx_word' id='word_1_71' title='bbox 453 1393 574 1465; x_wconf 74' lang='lat' dir='ltr'>cet”:</span> <span class='ocrx_word' id='word_1_72' title='bbox 599 1385 782 1486; x_wconf 86' lang='lat' dir='ltr'>equidem</span> <span class='ocrx_word' id='word_1_73' title='bbox 801 1390 1052 1484; x_wconf 86' lang='lat' dir='ltr'>oppositionis</span> <span class='ocrx_word' id='word_1_74' title='bbox 1070 1391 1125 1466; x_wconf 88' lang='lat' dir='ltr'>le-</span> 
     </span>
     <span class='ocr_line' id='line_1_12' title="bbox 137 1481 1127 1599; baseline -0.017 -28"><span class='ocrx_word' id='word_1_75' title='bbox 137 1501 246 1599; x_wconf 83' lang='lat' dir='ltr'>gibus</span> <span class='ocrx_word' id='word_1_76' title='bbox 280 1489 452 1566; x_wconf 83' lang='lat' dir='ltr'>satisfieri</span> <span class='ocrx_word' id='word_1_77' title='bbox 482 1506 574 1587; x_wconf 86' lang='lat' dir='ltr'>puto</span> <span class='ocrx_word' id='word_1_78' title='bbox 610 1481 751 1556; x_wconf 87' lang='lat' dir='ltr'>verbis:</span> <span class='ocrx_word' id='word_1_79' title='bbox 790 1509 886 1584; x_wconf 77' lang='lat' dir='ltr'>quos</span> <span class='ocrx_word' id='word_1_80' title='bbox 920 1509 1127 1582; x_wconf 77' lang='lat' dir='ltr'>nunqnam</span> 
     </span>
     <span class='ocr_line' id='line_1_13' title="bbox 137 1583 1127 1679; baseline -0.019 -9"><span class='ocrx_word' id='word_1_81' title='bbox 137 1593 310 1670; x_wconf 77' lang='lat' dir='ltr'>vidimus</span> <span class='ocrx_word' id='word_1_82' title='bbox 334 1605 405 1664; x_wconf 86' lang='lat' dir='ltr'>cet.</span> <span class='ocrx_word' id='word_1_83' title='bbox 432 1605 485 1662; x_wconf 82' lang='lat' dir='ltr'>et:</span> <span class='ocrx_word' id='word_1_84' title='bbox 520 1583 576 1654; x_wconf 86' lang='lat' dir='ltr'>Te</span> <span class='ocrx_word' id='word_1_85' title='bbox 599 1606 714 1659; x_wconf 79' lang='lat' dir='ltr'>vero,</span> <span class='ocrx_word' id='word_1_86' title='bbox 741 1606 859 1679; x_wconf 80' lang='lat' dir='ltr'>quem</span> <span class='ocrx_word' id='word_1_87' title='bbox 879 1601 1127 1677; x_wconf 80' lang='lat' dir='ltr'>praesentem</span> 
     </span>
     <span class='ocr_line' id='line_1_14' title="bbox 138 1675 1126 1768; baseline -0.012 -4"><span class='ocrx_word' id='word_1_88' title='bbox 138 1698 342 1764; x_wconf 79' lang='lat' dir='ltr'>inruemur</span> <span class='ocrx_word' id='word_1_89' title='bbox 374 1703 466 1768; x_wconf 84' lang='lat' dir='ltr'>cet.,·</span> <span class='ocrx_word' id='word_1_90' title='bbox 500 1675 761 1754; x_wconf 79' lang='lat' dir='ltr'>inuocabulo</span> <span class='ocrx_word' id='word_1_91' title='bbox 797 1702 865 1748; x_wconf 82' lang='lat' dir='ltr'>ore</span> <span class='ocrx_word' id='word_1_92' title='bbox 892 1695 1017 1750; x_wconf 86' lang='lat' dir='ltr'>autern</span> <span class='ocrx_word' id='word_1_93' title='bbox 1044 1705 1126 1753; x_wconf 89' lang='lat' dir='ltr'>non</span> 
     </span>
     <span class='ocr_line' id='line_1_15' title="bbox 131 1772 1125 1884; baseline -0.012 -22"><span class='ocrx_word' id='word_1_94' title='bbox 131 1787 253 1862; x_wconf 84' lang='lat' dir='ltr'>-video</span> <span class='ocrx_word' id='word_1_95' title='bbox 279 1783 555 1884; x_wconf 82' lang='lat' dir='ltr'>gradationem,</span> <span class='ocrx_word' id='word_1_96' title='bbox 582 1799 670 1850; x_wconf 92' lang='lat' dir='ltr'>curn</span> <span class='ocrx_word' id='word_1_97' title='bbox 694 1798 822 1875; x_wconf 89' lang='lat' dir='ltr'>neque</span> <span class='ocrx_word' id='word_1_98' title='bbox 846 1772 1022 1848; x_wconf 87' lang='lat' dir='ltr'>homines</span> <span class='ocrx_word' id='word_1_99' title='bbox 1049 1779 1125 1850; x_wconf 86' lang='lat' dir='ltr'>cle·</span> 
     </span>
     <span class='ocr_line' id='line_1_16' title="bbox 137 1873 1127 1978; baseline -0.014 -17"><span class='ocrx_word' id='word_1_100' title='bbox 137 1904 284 1960; x_wconf 86' lang='lat' dir='ltr'>mentes</span> <span class='ocrx_word' id='word_1_101' title='bbox 311 1906 357 1954; x_wconf 92' lang='lat' dir='ltr'>eo</span> <span class='ocrx_word' id='word_1_102' title='bbox 384 1880 498 1978; x_wconf 74' lang='lat' dir='ltr'>ntagis</span> <span class='ocrx_word' id='word_1_103' title='bbox 518 1896 701 1962; x_wconf 83' lang='lat' dir='ltr'>amemus,</span> <span class='ocrx_word' id='word_1_104' title='bbox 729 1897 806 1972; x_wconf 91' lang='lat' dir='ltr'>quo</span> <span class='ocrx_word' id='word_1_105' title='bbox 829 1895 962 1945; x_wconf 88' lang='lat' dir='ltr'>eorum</span> <span class='ocrx_word' id='word_1_106' title='bbox 979 1873 1127 1968; x_wconf 66' lang='lat' dir='ltr'>oculos,</span> 
     </span>
     <span class='ocr_line' id='line_1_17' title="bbox 140 1972 1125 2070; baseline -0.008 -16"><span class='ocrx_word' id='word_1_107' title='bbox 140 2009 224 2070; x_wconf 88' lang='lat' dir='ltr'>ora,</span> <span class='ocrx_word' id='word_1_108' title='bbox 252 1978 342 2052; x_wconf 86' lang='lat' dir='ltr'>alias</span> <span class='ocrx_word' id='word_1_109' title='bbox 365 1977 492 2050; x_wconf 85' lang='lat' dir='ltr'>nescio</span> <span class='ocrx_word' id='word_1_110' title='bbox 518 1995 613 2068; x_wconf 86' lang='lat' dir='ltr'>quas</span> <span class='ocrx_word' id='word_1_111' title='bbox 637 1987 763 2068; x_wconf 88' lang='lat' dir='ltr'>partes</span> <span class='ocrx_word' id='word_1_112' title='bbox 790 1972 961 2064; x_wconf 90' lang='lat' dir='ltr'>corporis</span> <span class='ocrx_word' id='word_1_113' title='bbox 988 1977 1125 2046; x_wconf 88' lang='lat' dir='ltr'>certius</span> 
     </span>
     <span class='ocr_line' id='line_1_18' title="bbox 141 2061 1124 2175; baseline -0.013 -23"><span class='ocrx_word' id='word_1_114' title='bbox 141 2081 415 2175; x_wconf 81' lang='lat' dir='ltr'>dignoscamus,</span> <span class='ocrx_word' id='word_1_115' title='bbox 442 2087 571 2166; x_wconf 87' lang='lat' dir='ltr'>neque</span> <span class='ocrx_word' id='word_1_116' title='bbox 597 2091 638 2136; x_wconf 86' lang='lat' dir='ltr'>os</span> <span class='ocrx_word' id='word_1_117' title='bbox 662 2065 725 2135; x_wconf 89' lang='lat' dir='ltr'>hic</span> <span class='ocrx_word' id='word_1_118' title='bbox 744 2061 929 2152; x_wconf 87' lang='lat' dir='ltr'>absolute,</span> <span class='ocrx_word' id='word_1_119' title='bbox 954 2065 1028 2136; x_wconf 87' lang='lat' dir='ltr'>sed</span> <span class='ocrx_word' id='word_1_120' title='bbox 1043 2086 1124 2139; x_wconf 87' lang='lat' dir='ltr'>tan-</span> 
     </span>
     <span class='ocr_line' id='line_1_19' title="bbox 142 2159 1125 2278; baseline -0.016 -29"><span class='ocrx_word' id='word_1_121' title='bbox 142 2199 258 2278; x_wconf 86' lang='lat' dir='ltr'>quam</span> <span class='ocrx_word' id='word_1_122' title='bbox 276 2171 443 2244; x_wconf 83' lang='lat' dir='ltr'>illorum:</span> <span class='ocrx_word' id='word_1_123' title='bbox 471 2181 531 2241; x_wconf 81' lang='lat' dir='ltr'>ut,</span> <span class='ocrx_word' id='word_1_124' title='bbox 558 2161 749 2262; x_wconf 76' lang='lat' dir='ltr'>quicquid</span> <span class='ocrx_word' id='word_1_125' title='bbox 769 2202 818 2216; x_wconf 91' lang='lat'>-·</span> <span class='ocrx_word' id='word_1_126' title='bbox 841 2160 940 2232; x_wconf 75' lang='lat' dir='ltr'>velis</span> <span class='ocrx_word' id='word_1_127' title='bbox 962 2159 1125 2238; x_wconf 84' lang='lat' dir='ltr'>fulcrum</span> 
     </span>
     <span class='ocr_line' id='line_1_20' title="bbox 139 2256 1126 2374; baseline -0.014 -28"><span class='ocrx_word' id='word_1_128' title='bbox 139 2275 307 2374; x_wconf 87' lang='lat' dir='ltr'>positum</span> <span class='ocrx_word' id='word_1_129' title='bbox 327 2266 385 2336; x_wconf 90' lang='lat' dir='ltr'>sit.</span> <span class='ocrx_word' id='word_1_130' title='bbox 433 2263 595 2346; x_wconf 87' lang='lat' dir='ltr'>Verum,</span> <span class='ocrx_word' id='word_1_131' title='bbox 621 2256 677 2329; x_wconf 89' lang='lat' dir='ltr'>his</span> <span class='ocrx_word' id='word_1_132' title='bbox 703 2260 838 2347; x_wconf 84' lang='lat' dir='ltr'>missis,</span> <span class='ocrx_word' id='word_1_133' title='bbox 867 2261 928 2332; x_wconf 88' lang='lat' dir='ltr'>cui</span> <span class='ocrx_word' id='word_1_134' title='bbox 949 2282 1034 2331; x_wconf 82' lang='lat' dir='ltr'>non</span> <span class='ocrx_word' id='word_1_135' title='bbox 1054 2261 1126 2333; x_wconf 92' lang='lat' dir='ltr'>dis-</span> 
     </span>
     <span class='ocr_line' id='line_1_21' title="bbox 139 2356 1127 2470; baseline -0.011 -28"><span class='ocrx_word' id='word_1_136' title='bbox 139 2371 283 2470; x_wconf 81' lang='lat' dir='ltr'>plicaat</span> <span class='ocrx_word' id='word_1_137' title='bbox 300 2363 372 2460; x_wconf 74' lang='lat' dir='ltr'>ista</span> <span class='ocrx_word' id='word_1_138' title='bbox 396 2361 538 2436; x_wconf 83' lang='lat' dir='ltr'>mentis</span> <span class='ocrx_word' id='word_1_139' title='bbox 563 2356 748 2443; x_wconf 82' lang='lat' dir='ltr'>Caesaris,</span> <span class='ocrx_word' id='word_1_140' title='bbox 778 2381 958 2440; x_wconf 80' lang='lat' dir='ltr'>sensuum</span> <span class='ocrx_word' id='word_1_141' title='bbox 982 2373 1023 2428; x_wconf 85' lang='lat' dir='ltr'>et</span> <span class='ocrx_word' id='word_1_142' title='bbox 1048 2363 1127 2431; x_wconf 82' lang='lat' dir='ltr'>oris</span> 
     </span>
     <span class='ocr_line' id='line_1_22' title="bbox 142 2454 1211 2622; baseline -0.017 -80"><span class='ocrx_word' id='word_1_143' title='bbox 142 2462 379 2550; x_wconf 88' lang='lat' dir='ltr'>coniunctio,</span> <span class='ocrx_word' id='word_1_144' title='bbox 425 2460 466 2529; x_wconf 91' lang='lat' dir='ltr'>in</span> <span class='ocrx_word' id='word_1_145' title='bbox 506 2479 583 2622; x_wconf 75' lang='lat' dir='ltr'>qua</span> <span class='ocrx_word' id='word_1_146' title='bbox 625 2455 790 2550; x_wconf 85' lang='lat' dir='ltr'>primum</span> <span class='ocrx_word' id='word_1_147' title='bbox 823 2454 992 2565; x_wconf 76' lang='lat' dir='ltr'>interna,</span> <span class='ocrx_word' id='word_1_148' title='bbox 1044 2460 1127 2554; x_wconf 88' lang='lat' dir='ltr'>ipsa</span> <span class='ocrx_word' id='word_1_149' title='bbox 1205 2480 1211 2490; x_wconf 93' lang='lat'><strong>·</strong></span> 
     </span>
     <span class='ocr_line' id='line_1_23' title="bbox 141 2567 1125 2642; baseline -0.018 -8"><span class='ocrx_word' id='word_1_150' title='bbox 141 2585 247 2637; x_wconf 80' lang='lat' dir='ltr'>mens</span> <span class='ocrx_word' id='word_1_151' title='bbox 271 2575 310 2630; x_wconf 87' lang='lat' dir='ltr'>et</span> <span class='ocrx_word' id='word_1_152' title='bbox 333 2579 477 2633; x_wconf 82' lang='lat' dir='ltr'>sensus,</span> <span class='ocrx_word' id='word_1_153' title='bbox 536 2569 684 2622; x_wconf 84' lang='lat' dir='ltr'>reantur</span> <span class='ocrx_word' id='word_1_154' title='bbox 718 2574 829 2618; x_wconf 85' lang='lat' dir='ltr'>cerm</span> <span class='ocrx_word' id='word_1_155' title='bbox 835 2577 851 2634; x_wconf 88' lang='lat'>,·</span> <span class='ocrx_word' id='word_1_156' title='bbox 894 2567 986 2621; x_wconf 88' lang='lat' dir='ltr'>tunc</span> <span class='ocrx_word' id='word_1_157' title='bbox 1016 2575 1125 2642; x_wconf 76' lang='lat' dir='ltr'>vero,</span> 
     </span>
     <span class='ocr_line' id='line_1_24' title="bbox 141 2647 1202 2742; baseline -0.011 -12"><span class='ocrx_word' id='word_1_158' title='bbox 141 2658 351 2734; x_wconf 73' lang='lat' dir='ltr'>malesane</span> <span class='ocrx_word' id='word_1_159' title='bbox 402 2647 617 2722; x_wconf 86' lang='lat' dir='ltr'>radationc!</span> <span class='ocrx_word' id='word_1_160' title='bbox 645 2663 857 2734; x_wconf 88' lang='lat' dir='ltr'>externum,</span> <span class='ocrx_word' id='word_1_161' title='bbox 884 2671 926 2716; x_wconf 86' lang='lat' dir='ltr'>os</span> <span class='ocrx_word' id='word_1_162' title='bbox 948 2667 1126 2742; x_wconf 86' lang='lat' dir='ltr'>ponatur,</span> <span class='ocrx_word' id='word_1_163' title='bbox 1200 2660 1202 2664; x_wconf 81' lang='grc'><strong>“</strong></span> 
     </span>
     <span class='ocr_line' id='line_1_25' title="bbox 143 2678 1128 2852; baseline -0.013 -22"><span class='ocrx_word' id='word_1_164' title='bbox 143 2781 193 2830; x_wconf 85' lang='lat' dir='ltr'>ex</span> <span class='ocrx_word' id='word_1_165' title='bbox 213 2749 290 2852; x_wconf 86' lang='lat' dir='ltr'>quo</span> <span class='ocrx_word' id='word_1_166' title='bbox 317 2678 456 2824; x_wconf 69' lang='lat' dir='ltr'>eadem</span> <span class='ocrx_word' id='word_1_167' title='bbox 479 2745 578 2835; x_wconf 87' lang='lat' dir='ltr'>fere,</span> <span class='ocrx_word' id='word_1_168' title='bbox 611 2747 685 2815; x_wconf 86' lang='lat' dir='ltr'>iarn</span> <span class='ocrx_word' id='word_1_169' title='bbox 713 2759 832 2832; x_wconf 86' lang='lat' dir='ltr'>certa,</span> <span class='ocrx_word' id='word_1_170' title='bbox 864 2745 1012 2816; x_wconf 88' lang='lat' dir='ltr'>incerta</span> <span class='ocrx_word' id='word_1_171' title='bbox 1036 2769 1128 2818; x_wconf 90' lang='lat' dir='ltr'>con-</span> 
     </span>
     <span class='ocr_line' id='line_1_26' title="bbox 144 2837 1128 2939; baseline -0.014 -11"><span class='ocrx_word' id='word_1_172' title='bbox 144 2853 312 2928; x_wconf 88' lang='lat' dir='ltr'>clusione</span> <span class='ocrx_word' id='word_1_173' title='bbox 348 2851 463 2922; x_wconf 85' lang='lat' dir='ltr'>etiam</span> <span class='ocrx_word' id='word_1_174' title='bbox 508 2841 748 2939; x_wconf 81' lang='lat' dir='ltr'>colligantur,</span> <span class='ocrx_word' id='word_1_175' title='bbox 797 2837 978 2912; x_wconf 86' lang='lat' dir='ltr'>videlicet</span> <span class='ocrx_word' id='word_1_176' title='bbox 1018 2867 1128 2915; x_wconf 81' lang='lat' dir='ltr'>mens</span> 
     </span>
     <span class='ocr_line' id='line_1_27' title="bbox 144 2934 1127 3035; baseline -0.013 -11"><span class='ocrx_word' id='word_1_177' title='bbox 144 2951 309 3024; x_wconf 86' lang='lat' dir='ltr'>Caesaris</span> <span class='ocrx_word' id='word_1_178' title='bbox 341 2964 381 3018; x_wconf 84' lang='lat' dir='ltr'>et</span> <span class='ocrx_word' id='word_1_179' title='bbox 411 2942 619 3016; x_wconf 79' lang='lat' dir='ltr'>voluntas!</span> <span class='ocrx_word' id='word_1_180' title='bbox 667 2939 706 3010; x_wconf 89' lang='lat' dir='ltr'>Si</span> <span class='ocrx_word' id='word_1_181' title='bbox 736 2959 831 3010; x_wconf 84' lang='lat' dir='ltr'>vero</span> <span class='ocrx_word' id='word_1_182' title='bbox 857 2934 1015 3035; x_wconf 87' lang='lat' dir='ltr'>legi-mus</span> <span class='ocrx_word' id='word_1_183' title='bbox 1042 2965 1127 3011; x_wconf 83' lang='lat' dir='ltr'>eor:</span> 
     </span>
     <span class='ocr_line' id='line_1_28' title="bbox 141 3029 1129 3206; baseline -0.018 -82"><span class='ocrx_word' id='word_1_184' title='bbox 141 3041 232 3124; x_wconf 85' lang='lat' dir='ltr'>nihil</span> <span class='ocrx_word' id='word_1_185' title='bbox 254 3050 295 3118; x_wconf 90' lang='lat' dir='ltr'>in</span> <span class='ocrx_word' id='word_1_186' title='bbox 320 3041 409 3117; x_wconf 90' lang='lat' dir='ltr'>loco</span> <span class='ocrx_word' id='word_1_187' title='bbox 431 3059 502 3130; x_wconf 77' lang='lat' dir='ltr'>est,</span> <span class='ocrx_word' id='word_1_188' title='bbox 529 3037 637 3206; x_wconf 67' lang='lat' dir='ltr'>quod</span> <span class='ocrx_word' id='word_1_189' title='bbox 655 3029 910 3134; x_wconf 78' lang='lat' dir='ltr'>improbetur,</span> <span class='ocrx_word' id='word_1_190' title='bbox 939 3060 1025 3107; x_wconf 90' lang='lat' dir='ltr'>cum</span> <span class='ocrx_word' id='word_1_191' title='bbox 1044 3059 1129 3106; x_wconf 89' lang='lat' dir='ltr'>sen·</span> 
     </span>
     <span class='ocr_line' id='line_1_29' title="bbox 142 3130 1129 3223; baseline -0.019 -5"><span class='ocrx_word' id='word_1_192' title='bbox 142 3170 221 3222; x_wconf 86' lang='lat' dir='ltr'>sum</span> <span class='ocrx_word' id='word_1_193' title='bbox 246 3146 325 3214; x_wconf 89' lang='lat' dir='ltr'>eius</span> <span class='ocrx_word' id='word_1_194' title='bbox 356 3140 459 3212; x_wconf 87' lang='lat' dir='ltr'>hunc</span> <span class='ocrx_word' id='word_1_195' title='bbox 492 3133 531 3207; x_wconf 83' lang='lat' dir='ltr'>ef</span> <span class='ocrx_word' id='word_1_196' title='bbox 558 3139 713 3208; x_wconf 88' lang='lat' dir='ltr'>ciamus:</span> <span class='ocrx_word' id='word_1_197' title='bbox 754 3130 1129 3223; x_wconf 82' lang='lat' dir='ltr'>Clementia,.man-</span> 
     </span>
     <span class='ocr_line' id='line_1_30' title="bbox 117 3227 1145 3326; baseline -0.018 -9"><span class='ocrx_word' id='word_1_198' title='bbox 117 3295 122 3304; x_wconf 86' lang='grc'>-</span> <span class='ocrx_word' id='word_1_199' title='bbox 143 3238 321 3326; x_wconf 79' lang='lat' dir='ltr'>suetudo,</span> <span class='ocrx_word' id='word_1_200' title='bbox 347 3257 500 3312; x_wconf 86' lang='lat' dir='ltr'>ceterae</span> <span class='ocrx_word' id='word_1_201' title='bbox 525 3229 716 3304; x_wconf 87' lang='lat' dir='ltr'>eiusmodi·</span> <span class='ocrx_word' id='word_1_202' title='bbox 736 3233 890 3300; x_wconf 85' lang='lat' dir='ltr'>virtutes</span> <span class='ocrx_word' id='word_1_203' title='bbox 915 3248 992 3300; x_wconf 86' lang='lat' dir='ltr'>tam</span> <span class='ocrx_word' id='word_1_204' title='bbox 1017 3227 1145 3299; x_wconf 89' lang='lat' dir='ltr'>nobis·</span> 
     </span>
     <span class='ocr_line' id='line_1_31' title="bbox 141 3322 1131 3439; baseline -0.017 -29"><span class='ocrx_word' id='word_1_205' title='bbox 141 3353 270 3439; x_wconf 80' lang='lat' dir='ltr'>gratae</span> <span class='ocrx_word' id='word_1_206' title='bbox 294 3353 395 3424; x_wconf 84' lang='lat' dir='ltr'>sunt,</span> <span class='ocrx_word' id='word_1_207' title='bbox 427 3350 470 3404; x_wconf 92' lang='lat' dir='ltr'>ut</span> <span class='ocrx_word' id='word_1_208' title='bbox 495 3332 609 3402; x_wconf 80' lang='lat' dir='ltr'>etiam</span> <span class='ocrx_word' id='word_1_209' title='bbox 639 3332 680 3398; x_wconf 86' lang='lat' dir='ltr'>in</span> <span class='ocrx_word' id='word_1_210' title='bbox 708 3323 988 3398; x_wconf 87' lang='lat' dir='ltr'>narrationibus</span> <span class='ocrx_word' id='word_1_211' title='bbox 1021 3322 1131 3398; x_wconf 85' lang='lat' dir='ltr'>fictis-</span> 
     </span>
     <span class='ocr_line' id='line_1_32' title="bbox 140 3420 1129 3538; baseline -0.018 -29"><span class='ocrx_word' id='word_1_212' title='bbox 140 3458 219 3538; x_wconf 85' lang='lat' dir='ltr'>que</span> <span class='ocrx_word' id='word_1_213' title='bbox 243 3427 382 3506; x_wconf 69' lang='lat' dir='ltr'>lab&#39;ulis&#39;</span> <span class='ocrx_word' id='word_1_214' title='bbox 402 3426 577 3524; x_wconf 84' lang='lat' dir='ltr'>mirando</span> <span class='ocrx_word' id='word_1_215' title='bbox 602 3448 672 3496; x_wconf 89' lang='lat' dir='ltr'>nos</span> <span class='ocrx_word' id='word_1_216' title='bbox 696 3420 881 3522; x_wconf 88' lang='lat' dir='ltr'>impleant</span> <span class='ocrx_word' id='word_1_217' title='bbox 904 3444 1036 3493; x_wconf 84' lang='lat' dir='ltr'>amore</span> <span class='ocrx_word' id='word_1_218' title='bbox 1060 3423 1129 3502; x_wconf 72' lang='lat' dir='ltr'>sui,</span> 
     </span>
     <span class='ocr_line' id='line_1_33' title="bbox 108 3517 1128 3608; baseline -0.021 1"><span class='ocrx_word' id='word_1_219' title='bbox 108 3589 112 3596; x_wconf 83' lang='lat'><em>-</em></span> <span class='ocrx_word' id='word_1_220' title='bbox 138 3542 188 3608; x_wconf 86' lang='lat' dir='ltr'>At</span> <span class='ocrx_word' id='word_1_221' title='bbox 211 3553 303 3606; x_wconf 84' lang='lat' dir='ltr'>vero</span> <span class='ocrx_word' id='word_1_222' title='bbox 326 3531 372 3601; x_wconf 84' lang='lat' dir='ltr'>in</span> <span class='ocrx_word' id='word_1_223' title='bbox 407 3525 490 3599; x_wconf 40' lang='lat' dir='ltr'>hac¹</span> <span class='ocrx_word' id='word_1_224' title='bbox 509 3524 745 3594; x_wconf 86' lang='lat' dir='ltr'>restitutione</span> <span class='ocrx_word' id='word_1_225' title='bbox 771 3517 946 3594; x_wconf 87' lang='lat' dir='ltr'>Marcelli</span> <span class='ocrx_word' id='word_1_226' title='bbox 970 3518 1036 3590; x_wconf 86' lang='lat' dir='ltr'>has</span> <span class='ocrx_word' id='word_1_227' title='bbox 1061 3521 1128 3590; x_wconf 90' lang='lat' dir='ltr'>vir-</span> 
     </span>
     <span class='ocr_line' id='line_1_34' title="bbox 140 3614 1132 3714; baseline -0.019 -8"><span class='ocrx_word' id='word_1_228' title='bbox 140 3651 236 3706; x_wconf 86' lang='lat' dir='ltr'>tutes</span> <span class='ocrx_word' id='word_1_229' title='bbox 262 3652 342 3714; x_wconf 84' lang='lat' dir='ltr'>non</span> <span class='ocrx_word' id='word_1_230' title='bbox 366 3622 471 3697; x_wconf 88' lang='lat' dir='ltr'>fictas</span> <span class='ocrx_word' id='word_1_231' title='bbox 497 3618 695 3692; x_wconf 86' lang='lat' dir='ltr'>audiendo</span> <span class='ocrx_word' id='word_1_232' title='bbox 714 3619 948 3712; x_wconf 83' lang='lat' dir='ltr'>accepimus3</span> <span class='ocrx_word' id='word_1_233' title='bbox 974 3614 1043 3689; x_wconf 87' lang='lat' dir='ltr'>sed</span> <span class='ocrx_word' id='word_1_234' title='bbox 1069 3639 1132 3688; x_wconf 85' lang='lat' dir='ltr'>ex·</span> 
     </span>
     <span class='ocr_line' id='line_1_35' title="bbox 142 3715 1133 3814; baseline -0.018 -14"><span class='ocrx_word' id='word_1_235' title='bbox 142 3733 278 3802; x_wconf 88' lang='lat' dir='ltr'>ercitas</span> <span class='ocrx_word' id='word_1_236' title='bbox 317 3719 442 3798; x_wconf 81' lang='lat' dir='ltr'>oculis</span> <span class='ocrx_word' id='word_1_237' title='bbox 484 3715 670 3805; x_wconf 87' lang='lat' dir='ltr'>vidimus,</span> <span class='ocrx_word' id='word_1_238' title='bbox 721 3723 748 3800; x_wconf 85' lang='lat'><em>(</em></span> <span class='ocrx_word' id='word_1_239' title='bbox 759 3716 816 3798; x_wconf 84' lang='lat' dir='ltr'>Te</span> <span class='ocrx_word' id='word_1_240' title='bbox 844 3737 968 3794; x_wconf 70' lang='lat' dir='ltr'>aero,</span> <span class='ocrx_word' id='word_1_241' title='bbox 1014 3739 1133 3814; x_wconf 82' lang='lat' dir='ltr'>quem</span> 
     </span>
     <span class='ocr_line' id='line_1_36' title="bbox 137 3813 1240 3925; baseline -0.019 -30"><span class='ocrx_word' id='word_1_242' title='bbox 137 3851 264 3925; x_wconf 77' lang='lat' dir='ltr'>praes,</span> <span class='ocrx_word' id='word_1_243' title='bbox 285 3825 380 3920; x_wconf 86' lang='lat' dir='ltr'>cet.)</span> <span class='ocrx_word' id='word_1_244' title='bbox 406 3840 549 3918; x_wconf 82' lang='lat' dir='ltr'>easque</span> <span class='ocrx_word' id='word_1_245' title='bbox 566 3819 627 3887; x_wconf 72' lang='lat' dir='ltr'>ica</span> <span class='ocrx_word' id='word_1_246' title='bbox 648 3813 849 3899; x_wconf 74' lang='lat' dir='ltr'>exercitae,</span> <span class='ocrx_word' id='word_1_247' title='bbox 878 3816 1009 3894; x_wconf 80' lang='lat' dir='ltr'>(ouius</span> <span class='ocrx_word' id='word_1_248' title='bbox 1029 3837 1133 3881; x_wconf 84' lang='lat' dir='ltr'>men·</span> <span class='ocrx_word' id='word_1_249' title='bbox 1235 3867 1240 3874; x_wconf 74' lang='grc'>,</span> 
     </span>
     <span class='ocr_line' id='line_1_37' title="bbox 143 3905 1131 4022; baseline -0.019 -30"><span class='ocrx_word' id='word_1_250' title='bbox 143 3929 221 3992; x_wconf 77' lang='lat' dir='ltr'>cem</span> <span class='ocrx_word' id='word_1_251' title='bbox 243 3943 450 4022; x_wconf 81' lang='lat' dir='ltr'>sensusque</span> <span class='ocrx_word' id='word_1_252' title='bbox 474 3939 550 3985; x_wconf 85' lang='lat' dir='ltr'>eos</span> <span class='ocrx_word' id='word_1_253' title='bbox 576 3914 691 4003; x_wconf 68' lang='lat' dir='ltr'>oea),</span> <span class='ocrx_word' id='word_1_254' title='bbox 717 3927 759 3980; x_wconf 90' lang='lat' dir='ltr'>ut</span> <span class='ocrx_word' id='word_1_255' title='bbox 785 3911 900 3979; x_wconf 85' lang='lat' dir='ltr'>etiam</span> <span class='ocrx_word' id='word_1_256' title='bbox 925 3908 977 3982; x_wconf 82' lang='lat' dir='ltr'>de</span> <span class='ocrx_word' id='word_1_257' title='bbox 1003 3905 1131 3979; x_wconf 86' lang='lat' dir='ltr'>futuro</span> 
     </span>
    </p>
   </div>
   <div class='ocr_carea' id='block_1_3' title="bbox 142 4003 1131 4180">
    <p class='ocr_par' dir='ltr' id='par_1_3' title="bbox 142 4003 1131 4180">
     <span class='ocr_line' id='line_1_38' title="bbox 142 4003 1131 4180; baseline -0.021 -87"><span class='ocrx_word' id='word_1_258' title='bbox 142 4015 256 4093; x_wconf 88' lang='lat' dir='ltr'>nobis</span> <span class='ocrx_word' id='word_1_259' title='bbox 291 4039 376 4118; x_wconf 88' lang='lat' dir='ltr'>spes</span> <span class='ocrx_word' id='word_1_260' title='bbox 411 4009 682 4090; x_wconf 80' lang='lat' dir='ltr'>iucundissima</span> <span class='ocrx_word' id='word_1_261' title='bbox 716 4005 820 4180; x_wconf 46' lang='lat' dir='ltr'>fabata</span> <span class='ocrx_word' id='word_1_262' title='bbox 849 4010 906 4082; x_wconf 88' lang='lat' dir='ltr'>sit.</span> <span class='ocrx_word' id='word_1_263' title='bbox 985 4003 1131 4096; x_wconf 87' lang='lat' dir='ltr'>Quare,</span> 
     </span>
     <span class='ocr_line' id='line_1_39' title="bbox 798 4128 821 4178; baseline 0 0"><span class='ocrx_word' id='word_1_264' title='bbox 798 4128 821 4178; x_wconf 85' lang='lat'>2</span> 
     </span>
    </p>
   </div>
   <div class='ocr_carea' id='block_1_4' title="bbox 0 0 1373 4524">
    <p class='ocr_par' dir='ltr' id='par_1_4' title="bbox 0 0 1373 4524">
     <span class='ocr_line' id='line_1_40' title="bbox 0 0 1373 4524; baseline 0 0"><span class='ocrx_word' id='word_1_265' title='bbox 0 0 1373 4524; x_wconf 95' lang='lat' dir='ltr'> </span> 
     </span>
    </p>
   </div>
  </div>
 </body>
</html>
