2702 4548
205 491 318 572 bunc
347 469 603 600 potissimum
632 487 818 571 laborem
845 471 1109 600 susceperim,
1144 487 1206 574 sa*

206 623 277 715 tis,
322 621 486 725 opinor,
528 617 680 696 dtconn
710 636 789 714 est;
807 637 812 655 ’
831 636 954 697 restat
983 621 1129 723 igitur,
1162 633 1208 696 ut

209 739 264 820 de
293 747 388 824 eius·
410 739 662 820 confectione
681 735 684 741 ’
700 765 836 847 pauca.
874 740 1082 822 edoceam.
1131 741 1209 829 ‚Et-

208 870 335 964 enim,
356 927 365 950 ,¹
383 891 478 944 cum
520 862 573 943 ob
613 869 795 971 proxime
824 867 1040 942 instantem
1071 891 1211 946 meum

208 989 335 1072 Halis'
361 987 572 1080 decessum
618 986 898 1096 infirmamque
943 983 1210 1068 valetudinem

93 1121 96 1128 ’
210 1113 565 1218 aspectatissima
607 1111 838 1218 amplissimi
874 1107 1210 1220 Philosophorum

211 1233 360 1316 ordinis
402 1233 643 1342 benignitate
680 1235 794 1315 facile
823 1241 1127 1343 impetrassem,
1165 1251 1211 1313 ut

210 1359 532 1440 dissertationem
574 1367 657 1440 otio
700 1357 937 1438 secundiore
968 1357 1074 1440 dato
1090 1385 1210 1438 con·-

210 1483 426 1564 scriberem
459 1481 789 1592 offerendamque
821 1509 1002 1564 curarem
1011 1510 1032 1563 ε,
1051 1482 1211 1583 accidit,

210 1626 258 1704 ut
295 1613 472 1714 primum
509 1611 649 1694 itinere
687 1613 872 1713 vitaeque
908 1611 1064 1685 ratione
1103 1627 1215 1688 com-

156 1835 159 1840 ,
208 1749 391 1828 muta-ta,
423 1749 520 1808 tunc
546 1734 783 1842 tristissimis¹
802 1728 1113 1830 calamitatibus,
1146 1725 1213 1809 de-

209 1860 337 1961 nique
370 1852 515 1934 morbo
552 1852 607 1932 ab
638 1859 684 1934 iis
715 1852 919 1934 laboribus
952 1879 1111 1934 aversus
1145 1855 1214 1934 an·

179 2005 314 2058 »num
352 1977 610 2084 praelapsum
646 1975 839 2076 viderem,
878 2004 1013 2088 neque
1032 2026 1036 2034 ·
1053 1977 1104 2058 ad
1140 1997 1213 2079 ea,

214 2127 321 2209 quae
361 2098 577 2200 debebam,
625 2101 817 2180 solvenda
858 2110 1077 2210 quicquam
1118 2130 1214 2182 con·
1290 2125 1297 2136 ’

212 2225 365 2306 lectum
395 2223 598 2303 haberem.
668 2213 757 2306 Nec
795 2253 887 2304 vero
926 2232 1006 2306 iam
1040 2223 1080 2306 et
1109 2225 1216 2306 hanc

214 2354 407 2456 temporis
448 2347 749 2430 diuturnitatem
791 2350 1080 2456 contemplanti
1118 2350 1215 2433 mihi

121 2501 124 2508 ’
214 2470 376 2584 brevem
407 2471 795 2552 dissertatiunculam
827 2473 1004 2582 proferre
1037 2501 1215 2583 aequum

213 2615 257 2674 et
286 2623 350 2674 res
366 2603 469 2704 'ipsa
502 2624 589 2675 esse
621 2596 819 2676 eiusmodi
849 2595 1075 2696 videbatur,
1109 2625 1215 2706 quae

217 2726 507 2800 accuratiorem
529 2722 833 2828 plenioremque
848 2725 1129 2800 tractationem
1143 2726 1215 2799 im·
1298 2785 1300 2790 .

82 2855 85 2861 '
211 2848 354 2952 -primis
378 2845 628 2948 postularet.
703 2845 813 2924 Nam
852 2843 995 2943 sinhoc
1027 2842 1223 2924 omnibus·

198 2964 337 3063 debet
369 2991 456 3044 esse
486 2974 755 3077 propositum,
789 2985 927 3067 utne,
961 2968 1058 3077 quid
1080 2975 1216 3079 ipsum

163 3187 166 3204 .
214 3088 464 3176 laudandum
492 3097 545 3172 'et
586 3090 860 3199 expetendum
901 3093 1081 3201 quidque
1119 3099 1217 3174 vitu-

215 3213 442 3321 perandum
472 3220 540 3314 sit,
573 3216 679 3296 male
701 3213 950 3308 dubitemus:
982 3217 1111 3298 doctis
1136 3245 1219 3295 cer·

218 3355 261 3416 to
309 3337 406 3422 nihil
456 3366 543 3418 esse
590 3344 727 3448 potius
776 3357 815 3420 et
861 3347 1013 3449 gravius
1059 3358 1218 3448 potest,

219 3486 345 3568 quam
387 3478 434 3541 ut
481 3461 625 3555 odiosa
669 3461 736 3544 illa
782 3463 832 3543 de
878 3466 1068 3573 plurium!
1099 3460 1218 3541 libro-

72 3667 74 3676 ,
169 3626 172 3632 ·
215 3611 309 3662 rum
362 3610 599 3690 graecorum
645 3605 686 3667 et
731 3587 946 3669 latinorum
990 3590 1217 3695 integritate

219 3704 417 3788 dubitatio
451 3716 781 3818 quamprimum
814 3716 1076 3818 argumentis,
1109 3737 1217 3820 quae

218 3836 262 3912 in
293 3849 507 3940 utramque
538 3853 695 3942 partem
726 3851 919 3934 exstant,
941 3853 1128 3914 accurate
1157 3860 1219 3912 re-

181 3957 188 3969 '
219 3956 535 4070 cognoscendis,
575 3957 637 4037 vel
666 3957 911 4040 diminuatur
940 3958 1021 4061 vel,
1061 3964 1096 4040 si
1124 3983 1219 4069 pos-
