2730 4524
269 528 463 609 strabitur:
488 553 570 603 non
595 551 667 626 ego
688 552 773 602 eam
789 530 1018 628 pertinacius
1035 526 1261 619 defendam,

269 623 340 702 sed
362 627 523 700 meliora
545 625 710 700 libenter
732 651 960 725 prosequar;
986 630 1044 700 sin
1067 631 1134 700 viri
1155 625 1262 704 docti

271 725 496 815 censebunt,
535 723 677 798 bonam
711 748 794 796 esse
826 729 1119 821 orationemque
1146 747 1262 824 posse

270 823 349 896 hoc
372 822 492 894 modo
533 823 575 894 in
614 825 803 918 integrum
827 824 985 910 restitui,
1011 827 1261 922 (quanquam,

271 924 366 1020 quin
414 918 456 992 id
505 940 554 992 ex
596 920 766 990 omnium
813 916 998 990 sententia
1046 917 1128 990 lieri
1176 944 1263 1016 pos·

192 1055 194 1062 ·
269 1022 334 1107 sit,
364 1015 539 1108 dubito):
583 1014 645 1088 vel
668 1014 762 1086 mihi
791 1013 852 1088 vel
877 1018 940 1087 alii
966 1013 1121 1088 cuilibet
1146 1021 1263 1088 etiam

267 1113 429 1212 posthac
450 1111 582 1184 licebit
603 1115 645 1184 in
669 1107 825 1280 reliquis
856 1110 1039 1210 capitibus
1065 1113 1263 1183 assiduita-

268 1215 316 1288 tis
342 1234 388 1284 ac
412 1207 600 1283 felicitatis
624 1212 730 1308 peric
773 1235 836 1282 um
856 1206 996 1285 facere.
1051 1212 1207 1296 Verum,
1231 1213 1263 1281 si

266 1306 395 1381 futura
424 1310 622 1396 mittimus,
654 1306 731 1379 hoc
753 1311 830 1378 iam
857 1311 1070 1406 ausim-pro
1103 1312 1262 1381 certissi.

243 1430 333 1479 mo
359 1403 566 1476 affirmare:
596 1407 696 1476 viros
724 1402 860 1478 do'ctos
891 1421 955 1478 aut
971 1427 1061 1476 esse
1085 1404 1178 1476 mihi
1204 1429 1263 1476 as-

267 1527 460 1594 sensuros,
493 1520 558 1574 aut
587 1519 707 1574 totam
732 1504 947 1574 orationem
971 1503 1137 1598 spuriam
1162 1501 1261 1575 iudi-

189 1671 194 1680 ,
268 1620 435 1687 casuros5
478 1624 569 1670 nam
600 1617 720 1670 totam
775 1601 954 1670 enuinam
990 1598 1180 1692 iudicare,
1220 1617 1262 1673 ut

218 1727 221 1734 ’
266 1722 372 1770 nunc
396 1719 438 1768 se
462 1719 522 1768 res
546 1693 680 1786 habet,
705 1625 800 1766 nulli
822 1713 1014 1795 poterunt.

245 1860 247 1864 .
355 1795 473 1890 ,Haec
496 1815 585 1866 vero
610 1810 699 1864 sunt
720 1796 820 1892 ipsa,
848 1797 1012 1891 quaein
1037 1791 1095 1866 his
1118 1793 1172 1867 IV
1195 1817 1259 1867 ca-

264 1888 406 1991 pitibus
432 1892 610 1963 Ciceroni
634 1888 749 1963 tribui
773 1913 887 1986 posse
914 1891 1062 1964 censuit

278 2045 281 2052 .
362 1987 526 2060 Nullius
549 2003 708 2059 cantum
727 2004 784 2058 cst
797 1988 954 2080 flumen
972 1989 1145 2087 ingenii,
1170 1987 1259 2058 nul·

265 2086 311 2158 la
340 2085 505 2156 dicendi.
529 2099 603 2154 aut
634 2083 832 2155 scribendi
866 2099 985 2154 tanta
1021 2088 1099 2164 vis,
1137 2099 1259 2157 catatu

266 2185 400 2281 copia,
420 2203 539 2277 quae,
558 2203 639 2249 nou
658 2183 791 2252 dicum
810 2203 1027 2260 exornare,
1052 2182 1121 2252 sed
1136 2207 1257 2276 enarf

264 2302 373 2358 rare,
402 2277 440 2350 C.
469 2276 632 2356 Caesar,
657 2301 716 2347 res
739 2294 828 2348 tuas
849 2292 979 2374 gestas
998 2280 1131 2373 possit.
1176 2279 1257 2349 Ta-

265 2399 357 2447 men
381 2371 562 2472 affirmo,
589 2388 629 2443 et
653 2373 730 2443 hoo
779 2397 852 2444 ooo
882 2374 1016 2446 diuam
1045 2389 1134 2454 tua,
1166 2376 1258 2446 nul-

264 2473 353 2544 lam
381 2474 427 2540 in
456 2465 516 2540 lu's
545 2493 622 2540 esse
653 2399 817 2540 laucssm
844 2469 1097 2566 ampliorem,
1134 2497 1257 2570 quom

264 2593 371 2648 eam,
386 2590 508 2664 quum
526 2565 720 2638 hodierno
739 2566 805 2638 die
824 2582 1052 2637 comeoutus
1069 2591 1119 2640 es.
1144 2569 1256 2641 Nom

266 2663 432 2737 bellicas
446 2662 585 2736 laudes
600 2659 730 2734 solent
748 2662 912 2762 quidam
929 2677 1150 2734 extenuare
1164 2691 1255 2738 uer-

264 2763 323 2833 bis
349 2783 507 2859 easque
541 2761 835 2830 communicare
873 2783 963 2830 cum
998 2759 1154 2840 multis,
1203 2787 1255 2832 ne

259 2858 450 2955 propriae
472 2857 554 2927 sinc
578 2859 872 2950 imporatorum.
920 2856 974 2926 Et
993 2873 1096 2928 certe
1120 2859 1165 2928 in
1188 2884 1253 2929 ar·

263 2957 336 3024 mis
366 2950 537 3024 militum
560 2956 706 3032 virtus,
749 2950 927 3027 locorum
959 2957 1251 3050 opportunitas,

261 3046 424 3120 auxilia
453 3049 663 3126 sociorum,
697 3045 849 3127 classes,
880 3065 1119 3120 commeatus
1147 3052 1251 3123 mul·

262 3163 347 3218 tum
372 3146 528 3227 iunctum
559 3145 781 3216 maximnm
810 3169 906 3216 vero
935 3162 1112 3243 porterus
1138 3151 1252 3246 quasi

199 3261 204 3278 ⁸
261 3268 331 3314 suo
355 3245 459 3320 iure,
483 3242 667 3312 Fortuna
689 3238 765 3314 sibi
781 3242 963 3314 vindieat
982 3246 1254 3340 et,·quicquid

263 3356 320 3412 est
338 3361 522 3437 prospere
547 3355 722 3437 gestum,
759 3339 805 3410 id
830 3363 963 3436 paene
995 3364 1111 3410 omne
1141 3341 1254 3412 ducit

260 3461 382 3508 suum.
443 3434 507 3508 At
532 3459 628 3507 ‘uero
660 3435 773 3506 buius
799 3434 972 3530 gloriae,
1013 3435 1052 3509 0.
1088 3436 1247 3515 Caesar,

260 3557 382 3629 quam
406 3555 444 3603 es
464 3529 606 3630 paullo
631 3548 728 3608 anto
751 3531 933 3630 adeptus,
957 3536 1107 3605 socium
1130 3531 1251 3606 habes

260 3632 482 3702 nemiuem:
517 3644 646 3700 totum
670 3627 763 3709 hoc,
800 3646 1151 3726 quantumcunque
1174 3646 1247 3710 est,

247 3723 370 3822 ‚quod
400 3741 508 3796 certe
528 3728 762 3797 maximum
798 3740 872 3806 est,
909 3741 1037 3798 totum·
1072 3745 1147 3810 est,
1187 3730 1247 3798 iu·

261 3843 398 3988 quom,
437 3835 570 3892 tuum:
604 3823 702 3917 quin
733 3824 857 3892 etiam
886 3820 959 3892 illa
995 3824 1079 3915 ipso
1114 3848 1248 3895 rerum

291 3938 532 3988 omanorum
560 3917 741 3999 domina,
774 3919 971 3996 Fortuna,
1004 3920 1048 3986 iu
1072 3921 1182 3992 istius
1205 3943 1246 3992 se
1354 3949 1355 4004 4

258 4013 490 4094 societatem
522 4009 678 4110 gloriae
713 4037 796 4084 non
833 4008 967 4114 offert,
1010 4008 1088 4086 tibi
1122 3997 1244 4098 cledis,¹
1354 4009 1355 4053 ³
