<?xml version="1.0" encoding="UTF-8"?>
<!DOCTYPE html PUBLIC "-//W3C//DTD XHTML 1.0 Transitional//EN"
    "http://www.w3.org/TR/xhtml1/DTD/xhtml1-transitional.dtd">
<html xmlns="http://www.w3.org/1999/xhtml" xml:lang="en" lang="en">
 <head>
  <title>
</title>
<meta http-equiv="Content-Type" content="text/html;charset=utf-8" />
  <meta name='ocr-system' content='tesseract 3.04.00' />
  <meta name='ocr-capabilities' content='ocr_page ocr_carea ocr_par ocr_line ocrx_word'/>
</head>
<body>
  <div class='ocr_page' id='page_1' title='image "./deorationequaei00jacogoog_0109.png"; bbox 0 0 2738 4532; ppageno 0'>
   <div class='ocr_carea' id='block_1_1' title="bbox 229 355 362 434">
    <p class='ocr_par' dir='ltr' id='par_1_1' title="bbox 229 355 362 434">
     <span class='ocr_line' id='line_1_1' title="bbox 229 355 362 434; baseline 0 -13"><span class='ocrx_word' id='word_1_1' title='bbox 229 355 362 434; x_wconf 82' lang='lat'><strong>90,</strong></span> 
     </span>
    </p>
   </div>
   <div class='ocr_carea' id='block_1_2' title="bbox 213 524 1251 4124">
    <p class='ocr_par' dir='ltr' id='par_1_2' title="bbox 227 524 1216 726">
     <span class='ocr_line' id='line_1_2' title="bbox 227 524 1216 626; baseline 0.004 -28"><span class='ocrx_word' id='word_1_2' title='bbox 227 527 384 626; x_wconf 83' lang='lat' dir='ltr'><strong>proeliis</strong></span> <span class='ocrx_word' id='word_1_3' title='bbox 417 545 564 600; x_wconf 87' lang='lat' dir='ltr'><strong>tantum</strong></span> <span class='ocrx_word' id='word_1_4' title='bbox 603 525 793 626; x_wconf 80' lang='lat' dir='ltr'><strong>intellig03</strong></span> <span class='ocrx_word' id='word_1_5' title='bbox 829 524 899 600; x_wconf 82' lang='lat' dir='ltr'><strong>ted</strong></span> <span class='ocrx_word' id='word_1_6' title='bbox 933 527 1126 603; x_wconf 85' lang='lat' dir='ltr'><strong>universe:</strong></span> <span class='ocrx_word' id='word_1_7' title='bbox 1171 534 1216 602; x_wconf 82' lang='lat' dir='ltr'><strong>z&#39;n</strong></span> 
     </span>
     <span class='ocr_line' id='line_1_3' title="bbox 228 627 803 726; baseline 0.002 -29"><span class='ocrx_word' id='word_1_8' title='bbox 228 627 340 698; x_wconf 73' lang='lat' dir='ltr'><strong>bellis</strong></span> <span class='ocrx_word' id='word_1_9' title='bbox 360 629 540 723; x_wconf 69' lang='lat' dir='ltr'><strong>gerenda</strong></span> <span class='ocrx_word' id='word_1_10' title='bbox 563 629 803 726; x_wconf 80' lang='lat' dir='ltr'><strong>interpretor.</strong></span> 
     </span>
    </p>

    <p class='ocr_par' dir='ltr' id='par_1_3' title="bbox 222 719 1251 2178">
     <span class='ocr_line' id='line_1_4' title="bbox 323 719 1218 821; baseline 0 -24"><span class='ocrx_word' id='word_1_11' title='bbox 323 721 359 821; x_wconf 80' lang='lat'><strong>§.</strong></span> <span class='ocrx_word' id='word_1_12' title='bbox 372 749 404 812; x_wconf 85' lang='lat'><strong>7.</strong></span> <span class='ocrx_word' id='word_1_13' title='bbox 427 725 584 797; x_wconf 83' lang='lat' dir='ltr'>Deinde</span> <span class='ocrx_word' id='word_1_14' title='bbox 597 723 757 799; x_wconf 85' lang='lat' dir='ltr'><strong>Wolfius</strong></span> <span class='ocrx_word' id='word_1_15' title='bbox 773 729 814 794; x_wconf 89' lang='lat' dir='ltr'><strong>in</strong></span> <span class='ocrx_word' id='word_1_16' title='bbox 832 719 974 811; x_wconf 80' lang='lat' dir='ltr'><strong>verbis:</strong></span> <span class='ocrx_word' id='word_1_17' title='bbox 1001 725 1121 796; x_wconf 81' lang='lat' dir='ltr'><strong>Nittt</strong></span> <span class='ocrx_word' id='word_1_18' title='bbox 1142 726 1218 798; x_wconf 87' lang='lat' dir='ltr'><strong>sibi</strong></span> 
     </span>
     <span class='ocr_line' id='line_1_5' title="bbox 228 817 1251 922; baseline 0.004 -32"><span class='ocrx_word' id='word_1_19' title='bbox 228 845 281 890; x_wconf 77' lang='lat' dir='ltr'><strong>eu</strong></span> <span class='ocrx_word' id='word_1_20' title='bbox 404 825 603 922; x_wconf 73' lang='lat' dir='ltr'><strong>decerpit5</strong></span> <span class='ocrx_word' id='word_1_21' title='bbox 640 821 955 894; x_wconf 85' lang='lat' dir='ltr'><strong>declamatorium</strong></span> <span class='ocrx_word' id='word_1_22' title='bbox 981 819 1152 894; x_wconf 88' lang='lat' dir='ltr'><strong>colorem</strong></span> <span class='ocrx_word' id='word_1_23' title='bbox 1178 841 1217 894; x_wconf 90' lang='lat' dir='ltr'><strong>et</strong></span> <span class='ocrx_word' id='word_1_24' title='bbox 1243 817 1251 836; x_wconf 82' lang='lat'>&#39;</span> 
     </span>
     <span class='ocr_line' id='line_1_6' title="bbox 224 913 1217 992; baseline 0.008 -7"><span class='ocrx_word' id='word_1_25' title='bbox 224 913 272 986; x_wconf 82' lang='lat' dir='ltr'><strong>fri</strong></span> <span class='ocrx_word' id='word_1_26' title='bbox 300 940 342 989; x_wconf 85' lang='lat' dir='ltr'><strong>us</strong></span> <span class='ocrx_word' id='word_1_27' title='bbox 366 937 490 992; x_wconf 87' lang='lat' dir='ltr'><strong>notat:</strong></span> <span class='ocrx_word' id='word_1_28' title='bbox 517 924 736 992; x_wconf 81' lang='lat' dir='ltr'><strong>rectissime.</strong></span> <span class='ocrx_word' id='word_1_29' title='bbox 791 921 996 990; x_wconf 81' lang='lat' dir='ltr'><strong>Nemeum</strong></span> <span class='ocrx_word' id='word_1_30' title='bbox 1016 917 1133 992; x_wconf 90' lang='lat' dir='ltr'><strong>homo</strong></span> <span class='ocrx_word' id='word_1_31' title='bbox 1159 943 1217 992; x_wconf 87' lang='lat' dir='ltr'><strong>se·</strong></span> 
     </span>
     <span class='ocr_line' id='line_1_7' title="bbox 227 943 1216 1116; baseline 0.008 -31"><span class='ocrx_word' id='word_1_32' title='bbox 227 943 336 1087; x_wconf 69' lang='lat' dir='ltr'><strong>duius</strong></span> <span class='ocrx_word' id='word_1_33' title='bbox 380 1036 444 1087; x_wconf 86' lang='lat' dir='ltr'><strong>aut</strong></span> <span class='ocrx_word' id='word_1_34' title='bbox 480 1041 540 1113; x_wconf 90' lang='lat' dir='ltr'><strong>ap.</strong></span> <span class='ocrx_word' id='word_1_35' title='bbox 579 1019 686 1090; x_wconf 83' lang='lat' dir='ltr'><strong>Caes.</strong></span> <span class='ocrx_word' id='word_1_36' title='bbox 719 1020 759 1089; x_wconf 93' lang='lat' dir='ltr'><strong>B.</strong></span> <span class='ocrx_word' id='word_1_37' title='bbox 791 1017 832 1087; x_wconf 89' lang='lat' dir='ltr'><strong>C.</strong></span> <span class='ocrx_word' id='word_1_38' title='bbox 865 1017 932 1104; x_wconf 91' lang='lat' dir='ltr'>III,</span> <span class='ocrx_word' id='word_1_39' title='bbox 969 1029 1027 1101; x_wconf 84' lang='lat'><strong>53.</strong></span> <span class='ocrx_word' id='word_1_40' title='bbox 1061 1035 1126 1088; x_wconf 86' lang='lat' dir='ltr'><strong>aut</strong></span> <span class='ocrx_word' id='word_1_41' title='bbox 1156 1043 1216 1116; x_wconf 85' lang='lat' dir='ltr'><strong>ap.</strong></span> 
     </span>
     <span class='ocr_line' id='line_1_8' title="bbox 224 1105 1216 1210; baseline -0.002 -26"><span class='ocrx_word' id='word_1_42' title='bbox 224 1105 329 1184; x_wconf 85' lang='lat' dir='ltr'><strong>Suet.</strong></span> <span class='ocrx_word' id='word_1_43' title='bbox 357 1115 465 1185; x_wconf 89' lang='lat' dir='ltr'><strong>Caes.</strong></span> <span class='ocrx_word' id='word_1_44' title='bbox 491 1116 647 1185; x_wconf 82' lang='lat' dir='ltr'>LXVlll</span> <span class='ocrx_word' id='word_1_45' title='bbox 673 1118 788 1186; x_wconf 85' lang='lat' dir='ltr'><strong>unius</strong></span> <span class='ocrx_word' id='word_1_46' title='bbox 817 1113 868 1185; x_wconf 90' lang='lat' dir='ltr'><strong>VI</strong></span> <span class='ocrx_word' id='word_1_47' title='bbox 890 1111 1052 1210; x_wconf 84' lang='lat' dir='ltr'><strong>legionis</strong></span> <span class='ocrx_word' id='word_1_48' title='bbox 1079 1115 1216 1186; x_wconf 80' lang='lat' dir='ltr'><strong>cohor-</strong></span> 
     </span>
     <span class='ocr_line' id='line_1_9' title="bbox 226 1207 1218 1286; baseline 0.003 -7"><span class='ocrx_word' id='word_1_49' title='bbox 226 1214 277 1279; x_wconf 86' lang='lat' dir='ltr'><strong>tis</strong></span> <span class='ocrx_word' id='word_1_50' title='bbox 321 1229 359 1283; x_wconf 89' lang='lat' dir='ltr'><strong>et</strong></span> <span class='ocrx_word' id='word_1_51' title='bbox 404 1212 526 1286; x_wconf 80' lang='lat' dir='ltr'><strong>Cassii</strong></span> <span class='ocrx_word' id='word_1_52' title='bbox 561 1214 736 1283; x_wconf 76' lang='lat' dir='ltr'><strong>Scaeuae</strong></span> <span class='ocrx_word' id='word_1_53' title='bbox 786 1213 1027 1280; x_wconf 78' lang='lat' dir='ltr'><strong>centurionis</strong></span> <span class='ocrx_word' id='word_1_54' title='bbox 1067 1207 1218 1283; x_wconf 85' lang='lat' dir='ltr'><strong>fortiter</strong></span> 
     </span>
     <span class='ocr_line' id='line_1_10' title="bbox 224 1301 1216 1406; baseline 0.002 -29"><span class='ocrx_word' id='word_1_55' title='bbox 224 1303 326 1378; x_wconf 84' lang='lat' dir='ltr'><strong>facta</strong></span> <span class='ocrx_word' id='word_1_56' title='bbox 355 1305 525 1405; x_wconf 82' lang='lat' dir='ltr'><strong>legisset:</strong></span> <span class='ocrx_word' id='word_1_57' title='bbox 562 1312 694 1406; x_wconf 86' lang='lat' dir='ltr'><strong>inepte</strong></span> <span class='ocrx_word' id='word_1_58' title='bbox 726 1301 805 1380; x_wconf 86' lang='lat' dir='ltr'><strong>hic</strong></span> <span class='ocrx_word' id='word_1_59' title='bbox 822 1330 954 1378; x_wconf 88' lang='lat' dir='ltr'><strong>eorum</strong></span> <span class='ocrx_word' id='word_1_60' title='bbox 978 1312 1216 1380; x_wconf 81' lang='lat' dir='ltr'><strong>mentionem</strong></span> 
     </span>
     <span class='ocr_line' id='line_1_11' title="bbox 223 1402 1215 1504; baseline 0.004 -31"><span class='ocrx_word' id='word_1_61' title='bbox 223 1402 443 1476; x_wconf 85' lang='lat' dir='ltr'><strong>faciendam</strong></span> <span class='ocrx_word' id='word_1_62' title='bbox 481 1429 561 1477; x_wconf 89' lang='lat' dir='ltr'><strong>esse</strong></span> <span class='ocrx_word' id='word_1_63' title='bbox 588 1404 696 1478; x_wconf 88' lang='lat' dir='ltr'><strong>duxit</strong></span> <span class='ocrx_word' id='word_1_64' title='bbox 729 1425 844 1504; x_wconf 87' lang='lat' dir='ltr'><strong>atque</strong></span> <span class='ocrx_word' id='word_1_65' title='bbox 867 1407 939 1494; x_wconf 89' lang='lat' dir='ltr'><strong>sio,</strong></span> <span class='ocrx_word' id='word_1_66' title='bbox 971 1430 1084 1502; x_wconf 88' lang='lat' dir='ltr'><strong>quam</strong></span> <span class='ocrx_word' id='word_1_67' title='bbox 1112 1404 1215 1477; x_wconf 86' lang='lat' dir='ltr'><strong>haud</strong></span> 
     </span>
     <span class='ocr_line' id='line_1_12' title="bbox 226 1497 1215 1600; baseline 0.003 -29"><span class='ocrx_word' id='word_1_68' title='bbox 226 1499 343 1572; x_wconf 87' lang='lat' dir='ltr'><strong>dubie</strong></span> <span class='ocrx_word' id='word_1_69' title='bbox 370 1500 493 1572; x_wconf 88' lang='lat' dir='ltr'><strong>nullus</strong></span> <span class='ocrx_word' id='word_1_70' title='bbox 518 1505 650 1595; x_wconf 84' lang='lat' dir='ltr'><strong>sensit,</strong></span> <span class='ocrx_word' id='word_1_71' title='bbox 675 1507 809 1576; x_wconf 84' lang='lat' dir='ltr'><strong>misere</strong></span> <span class='ocrx_word' id='word_1_72' title='bbox 833 1497 1065 1600; x_wconf 79' lang='lat' dir='ltr'><strong>perturbavit</strong></span> <span class='ocrx_word' id='word_1_73' title='bbox 1086 1499 1215 1574; x_wconf 88' lang='lat' dir='ltr'><strong>clima-</strong></span> 
     </span>
     <span class='ocr_line' id='line_1_13' title="bbox 226 1597 1213 1700; baseline 0.001 -30"><span class='ocrx_word' id='word_1_74' title='bbox 226 1617 310 1672; x_wconf 88' lang='lat' dir='ltr'><strong>cem</strong></span> <span class='ocrx_word' id='word_1_75' title='bbox 334 1597 455 1669; x_wconf 88' lang='lat' dir='ltr'><strong>illam:</strong></span> <span class='ocrx_word' id='word_1_76' title='bbox 482 1597 596 1670; x_wconf 82' lang='lat' dir='ltr'><strong>huius</strong></span> <span class='ocrx_word' id='word_1_77' title='bbox 610 1601 769 1700; x_wconf 76' lang='lat' dir='ltr'><strong>gloriae</strong></span> <span class='ocrx_word' id='word_1_78' title='bbox 788 1602 992 1671; x_wconf 85' lang='lat' dir='ltr'><strong>...socium</strong></span> <span class='ocrx_word' id='word_1_79' title='bbox 1011 1599 1132 1671; x_wconf 77' lang='lat' dir='ltr'><strong>habes</strong></span> <span class='ocrx_word' id='word_1_80' title='bbox 1144 1627 1213 1671; x_wconf 88' lang='lat' dir='ltr'><strong>ne-</strong></span> 
     </span>
     <span class='ocr_line' id='line_1_14' title="bbox 225 1696 1214 1793; baseline 0.001 -27"><span class='ocrx_word' id='word_1_81' title='bbox 225 1702 397 1766; x_wconf 84' lang='lat' dir='ltr'><strong>minem:</strong></span> <span class='ocrx_word' id='word_1_82' title='bbox 420 1733 471 1751; x_wconf 88' lang='lat'><strong>--</strong></span> <span class='ocrx_word' id='word_1_83' title='bbox 492 1711 621 1765; x_wconf 89' lang='lat' dir='ltr'><strong>totum</strong></span> <span class='ocrx_word' id='word_1_84' title='bbox 648 1696 723 1766; x_wconf 80' lang='lat' dir='ltr'><strong>hoc</strong></span> <span class='ocrx_word' id='word_1_85' title='bbox 820 1697 927 1793; x_wconf 80' lang='lat' dir='ltr'><strong>quod</strong></span> <span class='ocrx_word' id='word_1_86' title='bbox 955 1711 1060 1766; x_wconf 86' lang='lat' dir='ltr'><strong>certe</strong></span> <span class='ocrx_word' id='word_1_87' title='bbox 1085 1702 1214 1767; x_wconf 77' lang='lat' dir='ltr'><strong>maai-</strong></span> 
     </span>
     <span class='ocr_line' id='line_1_15' title="bbox 224 1793 1213 1892; baseline 0 -30"><span class='ocrx_word' id='word_1_88' title='bbox 224 1819 334 1862; x_wconf 85' lang='lat' dir='ltr'><strong>mum</strong></span> <span class='ocrx_word' id='word_1_89' title='bbox 359 1793 439 1872; x_wconf 85' lang='lat' dir='ltr'><strong>est,¹</strong></span> <span class='ocrx_word' id='word_1_90' title='bbox 458 1806 585 1863; x_wconf 88' lang='lat' dir='ltr'><strong>totum</strong></span> <span class='ocrx_word' id='word_1_91' title='bbox 604 1809 676 1871; x_wconf 83' lang='lat' dir='ltr'><strong>est,</strong></span> <span class='ocrx_word' id='word_1_92' title='bbox 702 1795 867 1892; x_wconf 85' lang='lat' dir='ltr'><strong>inquam</strong></span> <span class='ocrx_word' id='word_1_93' title='bbox 887 1804 1022 1878; x_wconf 89' lang='lat' dir='ltr'><strong>tuum;</strong></span> <span class='ocrx_word' id='word_1_94' title='bbox 1044 1823 1093 1848; x_wconf 65' lang='grc' dir='ltr'><strong>ι-</strong></span> <span class='ocrx_word' id='word_1_95' title='bbox 1117 1797 1213 1891; x_wconf 80' lang='lat' dir='ltr'><strong>quin</strong></span> 
     </span>
     <span class='ocr_line' id='line_1_16' title="bbox 225 1889 1211 1987; baseline 0 -29"><span class='ocrx_word' id='word_1_96' title='bbox 225 1894 351 1958; x_wconf 81' lang='lat' dir='ltr'><strong>etiam</strong></span> <span class='ocrx_word' id='word_1_97' title='bbox 374 1889 447 1960; x_wconf 85' lang='lat' dir='ltr'><strong>illa</strong></span> <span class='ocrx_word' id='word_1_98' title='bbox 471 1891 555 1987; x_wconf 81' lang='lat' dir='ltr'><strong>ipra</strong></span> <span class='ocrx_word' id='word_1_99' title='bbox 581 1913 711 1959; x_wconf 87' lang='lat' dir='ltr'><strong>rerum</strong></span> <span class='ocrx_word' id='word_1_100' title='bbox 737 1889 1006 1960; x_wconf 80' lang='lat' dir='ltr'><strong>humanarum</strong></span> <span class='ocrx_word' id='word_1_101' title='bbox 1029 1891 1211 1969; x_wconf 85' lang='lat' dir='ltr'><strong>domina,</strong></span> 
     </span>
     <span class='ocr_line' id='line_1_17' title="bbox 222 1987 1214 2087; baseline 0.001 -30"><span class='ocrx_word' id='word_1_102' title='bbox 222 1988 431 2065; x_wconf 79' lang='lat' dir='ltr'><strong>Fortuna,</strong></span> <span class='ocrx_word' id='word_1_103' title='bbox 482 1990 527 2057; x_wconf 80' lang='lat' dir='ltr'><strong>in</strong></span> <span class='ocrx_word' id='word_1_104' title='bbox 566 1989 676 2058; x_wconf 83' lang='lat' dir='ltr'><strong>istius</strong></span> <span class='ocrx_word' id='word_1_105' title='bbox 715 2009 754 2058; x_wconf 85' lang='lat' dir='ltr'><strong>se</strong></span> <span class='ocrx_word' id='word_1_106' title='bbox 790 1987 1020 2058; x_wconf 80' lang='lat' dir='ltr'><strong>societatem</strong></span> <span class='ocrx_word' id='word_1_107' title='bbox 1055 1987 1214 2087; x_wconf 76' lang='lat' dir='ltr'><strong>gloriae</strong></span> 
     </span>
     <span class='ocr_line' id='line_1_18' title="bbox 222 2081 1152 2178; baseline 0.001 -26"><span class='ocrx_word' id='word_1_108' title='bbox 222 2105 308 2154; x_wconf 86' lang='lat' dir='ltr'><strong>non</strong></span> <span class='ocrx_word' id='word_1_109' title='bbox 339 2081 477 2178; x_wconf 83' lang='lat' dir='ltr'><strong>offert.</strong></span> <span class='ocrx_word' id='word_1_110' title='bbox 1079 2118 1083 2124; x_wconf 95' lang='lat'>·</span> <span class='ocrx_word' id='word_1_111' title='bbox 1148 2163 1152 2170; x_wconf 45' lang='grc'><em>,</em></span> 
     </span>
    </p>

    <p class='ocr_par' dir='ltr' id='par_1_4' title="bbox 220 2177 1214 2661">
     <span class='ocr_line' id='line_1_19' title="bbox 255 2177 1213 2281; baseline 0.003 -32"><span class='ocrx_word' id='word_1_112' title='bbox 255 2197 259 2211; x_wconf 86' lang='grc'>·</span> <span class='ocrx_word' id='word_1_113' title='bbox 320 2181 570 2272; x_wconf 84' lang='lat' dir='ltr'><strong>„Pronomen</strong></span> <span class='ocrx_word' id='word_1_114' title='bbox 594 2183 765 2279; x_wconf 84' lang='lat' dir='ltr'><strong>ineptum</strong></span> <span class='ocrx_word' id='word_1_115' title='bbox 789 2211 832 2256; x_wconf 90' lang='lat' dir='ltr'><strong>se</strong></span> <span class='ocrx_word' id='word_1_116' title='bbox 862 2205 884 2255; x_wconf 85' lang='lat' dir='ltr'><strong>e</strong></span> <span class='ocrx_word' id='word_1_117' title='bbox 908 2183 1090 2281; x_wconf 82' lang='lat' dir='ltr'><strong>proximis</strong></span> <span class='ocrx_word' id='word_1_118' title='bbox 1114 2177 1213 2252; x_wconf 87' lang='lat' dir='ltr'><strong>litte·</strong></span> 
     </span>
     <span class='ocr_line' id='line_1_20' title="bbox 222 2279 1212 2380; baseline 0.002 -32"><span class='ocrx_word' id='word_1_119' title='bbox 222 2279 271 2348; x_wconf 82' lang='lat' dir='ltr'><strong>ris</strong></span> <span class='ocrx_word' id='word_1_120' title='bbox 304 2291 447 2349; x_wconf 88' lang='lat' dir='ltr'><strong>temere</strong></span> <span class='ocrx_word' id='word_1_121' title='bbox 480 2295 628 2370; x_wconf 70' lang='lat' dir='ltr'><strong>ortum,&#39;</strong></span> <span class='ocrx_word' id='word_1_122' title='bbox 659 2283 778 2350; x_wconf 89' lang='lat' dir='ltr'><strong>miror</strong></span> <span class='ocrx_word' id='word_1_123' title='bbox 814 2279 1013 2380; x_wconf 89' lang='lat' dir='ltr'><strong>quomodo</strong></span> <span class='ocrx_word' id='word_1_124' title='bbox 1047 2281 1212 2351; x_wconf 80' lang='lat' dir='ltr'><strong>Graevio</strong></span> 
     </span>
     <span class='ocr_line' id='line_1_21' title="bbox 220 2372 1214 2542; baseline 0 -98"><span class='ocrx_word' id='word_1_125' title='bbox 220 2372 378 2473; x_wconf 85' lang='lat' dir='ltr'><strong>placere</strong></span> <span class='ocrx_word' id='word_1_126' title='bbox 412 2379 590 2542; x_wconf 74' lang='lat' dir='ltr'><strong>potuerit.</strong></span> <span class='ocrx_word' id='word_1_127' title='bbox 658 2377 771 2450; x_wconf 82' lang='lat' dir='ltr'><strong>Clare</strong></span> <span class='ocrx_word' id='word_1_128' title='bbox 809 2383 1074 2476; x_wconf 76' lang='lat' dir='ltr'><strong>opponuntur</strong></span> <span class='ocrx_word' id='word_1_129' title='bbox 1093 2401 1134 2448; x_wconf 88' lang='lat' dir='ltr'><strong>se</strong></span> <span class='ocrx_word' id='word_1_130' title='bbox 1169 2379 1214 2444; x_wconf 90' lang='lat' dir='ltr'><strong>in</strong></span> 
     </span>
     <span class='ocr_line' id='line_1_22' title="bbox 221 2471 1214 2574; baseline -0.001 -31"><span class='ocrx_word' id='word_1_131' title='bbox 221 2476 354 2546; x_wconf 79' lang='lat' dir='ltr'><strong>societ.</strong></span> <span class='ocrx_word' id='word_1_132' title='bbox 383 2498 436 2571; x_wconf 76' lang='lat' dir='ltr'><strong>g.</strong></span> <span class='ocrx_word' id='word_1_133' title='bbox 470 2484 493 2545; x_wconf 90' lang='lat' dir='ltr'><strong>o</strong></span> <span class='ocrx_word' id='word_1_134' title='bbox 528 2491 605 2556; x_wconf 82' lang='lat' dir='ltr'><strong>ert,</strong></span> <span class='ocrx_word' id='word_1_135' title='bbox 636 2491 679 2548; x_wconf 90' lang='lat' dir='ltr'><strong>et</strong></span> <span class='ocrx_word' id='word_1_136' title='bbox 705 2491 819 2548; x_wconf 88' lang='lat' dir='ltr'><strong>tuam</strong></span> <span class='ocrx_word' id='word_1_137' title='bbox 850 2499 927 2548; x_wconf 85' lang='lat' dir='ltr'><strong>esse</strong></span> <span class='ocrx_word' id='word_1_138' title='bbox 950 2491 981 2551; x_wconf 89' lang='lat' dir='ltr'><strong>t.</strong></span> <span class='ocrx_word' id='word_1_139' title='bbox 1006 2489 1047 2544; x_wconf 86' lang='lat' dir='ltr'><strong>et</strong></span> <span class='ocrx_word' id='word_1_140' title='bbox 1064 2499 1126 2574; x_wconf 81' lang='lat' dir='ltr'><strong>pr.</strong></span> <span class='ocrx_word' id='word_1_141' title='bbox 1142 2471 1214 2568; x_wconf 91' lang='lat' dir='ltr'><strong>fa-</strong></span> 
     </span>
     <span class='ocr_line' id='line_1_23' title="bbox 221 2567 1025 2661; baseline 0.01 -22"><span class='ocrx_word' id='word_1_142' title='bbox 221 2567 377 2661; x_wconf 55' lang='lat' dir='ltr'><strong>tetud&#39;</strong></span> <span class='ocrx_word' id='word_1_143' title='bbox 402 2569 548 2646; x_wconf 87' lang='lat' dir='ltr'><strong>Weisk.</strong></span> <span class='ocrx_word' id='word_1_144' title='bbox 994 2579 1025 2655; x_wconf 83' lang='grc'><strong>,’</strong></span> 
     </span>
    </p>

    <p class='ocr_par' dir='ltr' id='par_1_5' title="bbox 213 2666 1215 4124">
     <span class='ocr_line' id='line_1_24' title="bbox 317 2666 1213 2765; baseline -0.004 -25"><span class='ocrx_word' id='word_1_145' title='bbox 317 2667 539 2765; x_wconf 77' lang='lat' dir='ltr'><strong>Nunquam</strong></span> <span class='ocrx_word' id='word_1_146' title='bbox 564 2673 671 2740; x_wconf 89' lang='lat' dir='ltr'><strong>enim</strong></span> <span class='ocrx_word' id='word_1_147' title='bbox 779 2671 1031 2757; x_wconf 79' lang='lat' dir='ltr'><strong>admittitur)</strong></span> <span class='ocrx_word' id='word_1_148' title='bbox 1073 2666 1213 2756; x_wconf 83' lang='lat' dir='ltr'><strong>„nimis</strong></span> 
     </span>
     <span class='ocr_line' id='line_1_25' title="bbox 220 2760 1212 2864; baseline -0.003 -29"><span class='ocrx_word' id='word_1_149' title='bbox 220 2760 349 2835; x_wconf 76' lang='lat' dir='ltr'><strong>futilia</strong></span> <span class='ocrx_word' id='word_1_150' title='bbox 371 2782 478 2858; x_wconf 86' lang='lat' dir='ltr'><strong>sunt,</strong></span> <span class='ocrx_word' id='word_1_151' title='bbox 507 2789 582 2838; x_wconf 90' lang='lat' dir='ltr'><strong>nec</strong></span> <span class='ocrx_word' id='word_1_152' title='bbox 606 2764 769 2840; x_wconf 85' lang='lat' dir='ltr'><strong>ferenda</strong></span> <span class='ocrx_word' id='word_1_153' title='bbox 793 2769 834 2836; x_wconf 90' lang='lat' dir='ltr'><strong>in</strong></span> <span class='ocrx_word' id='word_1_154' title='bbox 853 2767 1055 2854; x_wconf 84' lang='lat' dir='ltr'><strong>Cicerone,</strong></span> <span class='ocrx_word' id='word_1_155' title='bbox 1081 2765 1212 2864; x_wconf 82' lang='lat' dir='ltr'><strong>paucis</strong></span> 
     </span>
     <span class='ocr_line' id='line_1_26' title="bbox 221 2861 1213 2962; baseline -0.001 -31"><span class='ocrx_word' id='word_1_156' title='bbox 221 2878 313 2931; x_wconf 80' lang='lat' dir='ltr'><strong>ente</strong></span> <span class='ocrx_word' id='word_1_157' title='bbox 338 2865 447 2934; x_wconf 77' lang='lat' dir='ltr'><strong>annis</strong></span> <span class='ocrx_word' id='word_1_158' title='bbox 475 2867 720 2962; x_wconf 84' lang='lat' dir='ltr'><strong>imperatore.</strong></span> <span class='ocrx_word' id='word_1_159' title='bbox 779 2861 928 2955; x_wconf 87' lang='lat' dir='ltr'><strong>Quidni</strong></span> <span class='ocrx_word' id='word_1_160' title='bbox 961 2864 1063 2932; x_wconf 83' lang='lat' dir='ltr'><strong>enim</strong></span> <span class='ocrx_word' id='word_1_161' title='bbox 1094 2881 1213 2956; x_wconf 85' lang='lat' dir='ltr'><strong>saepe</strong></span> 
     </span>
     <span class='ocr_line' id='line_1_27' title="bbox 222 2953 1213 3033; baseline 0.001 -6"><span class='ocrx_word' id='word_1_162' title='bbox 222 2979 336 3027; x_wconf 80' lang='lat' dir='ltr'><strong>eatur</strong></span> <span class='ocrx_word' id='word_1_163' title='bbox 362 2959 606 3031; x_wconf 80' lang='lat' dir='ltr'><strong>admittatur</strong></span> <span class='ocrx_word' id='word_1_164' title='bbox 636 2963 693 3032; x_wconf 76' lang='lat' dir='ltr'><strong>ari</strong></span> <span class='ocrx_word' id='word_1_165' title='bbox 724 2961 956 3033; x_wconf 75' lang='lat' dir='ltr'><strong>consilium?</strong></span> <span class='ocrx_word' id='word_1_166' title='bbox 1014 2957 1139 3028; x_wconf 86' lang='lat' dir='ltr'><strong>Nemo</strong></span> <span class='ocrx_word' id='word_1_167' title='bbox 1169 2953 1213 3028; x_wconf 83' lang='lat' dir='ltr'><strong>id</strong></span> 
     </span>
     <span class='ocr_line' id='line_1_28' title="bbox 222 3053 1211 3157; baseline 0 -33"><span class='ocrx_word' id='word_1_168' title='bbox 222 3073 271 3124; x_wconf 82' lang='lat' dir='ltr'><strong>ex</strong></span> <span class='ocrx_word' id='word_1_169' title='bbox 297 3053 477 3128; x_wconf 88' lang='lat' dir='ltr'><strong>omnibus</strong></span> <span class='ocrx_word' id='word_1_170' title='bbox 498 3057 743 3129; x_wconf 76' lang='lat' dir='ltr'><strong>senatoribus</strong></span> <span class='ocrx_word' id='word_1_171' title='bbox 769 3056 963 3157; x_wconf 80' lang='lat' dir='ltr'><strong>pulchrius</strong></span> <span class='ocrx_word' id='word_1_172' title='bbox 986 3073 1100 3126; x_wconf 87' lang='lat' dir='ltr'><strong>norat</strong></span> <span class='ocrx_word' id='word_1_173' title='bbox 1114 3055 1211 3140; x_wconf 80' lang='lat' dir='ltr'><strong>Cae·</strong></span> 
     </span>
     <span class='ocr_line' id='line_1_29' title="bbox 219 3145 1210 3252; baseline -0.002 -29"><span class='ocrx_word' id='word_1_174' title='bbox 219 3167 324 3240; x_wconf 67' lang='lat' dir='ltr'><strong>tare,</strong></span> <span class='ocrx_word' id='word_1_175' title='bbox 362 3154 429 3252; x_wconf 89' lang='lat' dir='ltr'><strong>qui</strong></span> <span class='ocrx_word' id='word_1_176' title='bbox 464 3156 548 3252; x_wconf 87' lang='lat' dir='ltr'><strong>ipse</strong></span> <span class='ocrx_word' id='word_1_177' title='bbox 582 3156 785 3252; x_wconf 82' lang='lat' dir='ltr'><strong>scripserat</strong></span> <span class='ocrx_word' id='word_1_178' title='bbox 824 3145 1003 3228; x_wconf 69' lang='lat' dir='ltr'><strong>uualt.</strong></span> <span class='ocrx_word' id='word_1_179' title='bbox 1039 3151 1108 3240; x_wconf 84' lang='lat' dir='ltr'><strong>vt,</strong></span> <span class='ocrx_word' id='word_1_180' title='bbox 1152 3165 1210 3236; x_wconf 86' lang='grc' dir='ltr'><strong>3ο.</strong></span> 
     </span>
     <span class='ocr_line' id='line_1_30' title="bbox 220 3249 1212 3350; baseline -0.005 -30"><span class='ocrx_word' id='word_1_181' title='bbox 220 3249 446 3338; x_wconf 87' lang='lat' dir='ltr'><strong>‚,Multum,</strong></span> <span class='ocrx_word' id='word_1_182' title='bbox 472 3277 594 3350; x_wconf 76' lang='lat' dir='ltr'><strong>quum</strong></span> <span class='ocrx_word' id='word_1_183' title='bbox 618 3256 661 3321; x_wconf 88' lang='lat' dir='ltr'><strong>in</strong></span> <span class='ocrx_word' id='word_1_184' title='bbox 687 3252 865 3323; x_wconf 86' lang='lat' dir='ltr'><strong>omnibus</strong></span> <span class='ocrx_word' id='word_1_185' title='bbox 896 3251 1026 3328; x_wconf 76' lang='lat' dir='ltr'><strong>rebat,</strong></span> <span class='ocrx_word' id='word_1_186' title='bbox 1059 3269 1143 3317; x_wconf 87' lang='lat' dir='ltr'><strong>tum</strong></span> <span class='ocrx_word' id='word_1_187' title='bbox 1167 3250 1212 3316; x_wconf 89' lang='lat' dir='ltr'><strong>in</strong></span> 
     </span>
     <span class='ocr_line' id='line_1_31' title="bbox 218 3343 1215 3448; baseline -0.005 -32"><span class='ocrx_word' id='word_1_188' title='bbox 218 3371 262 3416; x_wconf 86' lang='lat' dir='ltr'><strong>re</strong></span> <span class='ocrx_word' id='word_1_189' title='bbox 305 3343 474 3418; x_wconf 83' lang='lat' dir='ltr'><strong>militari</strong></span> <span class='ocrx_word' id='word_1_190' title='bbox 512 3362 642 3446; x_wconf 82' lang='lat' dir='ltr'><strong>potest</strong></span> <span class='ocrx_word' id='word_1_191' title='bbox 675 3351 913 3448; x_wconf 85' lang='lat' dir='ltr'><strong>fortuna:</strong></span> <span class='ocrx_word' id='word_1_192' title='bbox 959 3369 1073 3424; x_wconf 85' lang='lat' dir='ltr'><strong>nam,</strong></span> <span class='ocrx_word' id='word_1_193' title='bbox 1112 3347 1215 3413; x_wconf 83' lang='lat' dir='ltr'><strong>sicut</strong></span> 
     </span>
     <span class='ocr_line' id='line_1_32' title="bbox 219 3441 1214 3550; baseline -0.005 -37"><span class='ocrx_word' id='word_1_194' title='bbox 219 3465 372 3541; x_wconf 73' lang='lat' dir='ltr'><strong>magno</strong></span> <span class='ocrx_word' id='word_1_195' title='bbox 405 3449 554 3519; x_wconf 78' lang='lat' dir='ltr'><strong>accidit</strong></span> <span class='ocrx_word' id='word_1_196' title='bbox 589 3469 726 3528; x_wconf 85' lang='lat' dir='ltr'><strong>casu,</strong></span> <span class='ocrx_word' id='word_1_197' title='bbox 762 3463 808 3517; x_wconf 90' lang='lat' dir='ltr'><strong>ut</strong></span> <span class='ocrx_word' id='word_1_198' title='bbox 841 3448 884 3515; x_wconf 86' lang='lat' dir='ltr'><strong>in</strong></span> <span class='ocrx_word' id='word_1_199' title='bbox 922 3447 1047 3550; x_wconf 67' lang='lat' dir='ltr'><strong>ipsum</strong></span> <span class='ocrx_word' id='word_1_200' title='bbox 1070 3477 1119 3494; x_wconf 91' lang='lat'>-</span> <span class='ocrx_word' id='word_1_201' title='bbox 1157 3441 1214 3508; x_wconf 84' lang='lat' dir='ltr'><strong>sic</strong></span> 
     </span>
     <span class='ocr_line' id='line_1_33' title="bbox 218 3541 1210 3705; baseline -0.002 -97"><span class='ocrx_word' id='word_1_202' title='bbox 218 3557 399 3705; x_wconf 50' lang='lat' dir='ltr'><strong>ruffinae</strong></span> <span class='ocrx_word' id='word_1_203' title='bbox 420 3541 514 3638; x_wconf 85' lang='lat' dir='ltr'><strong>fuit</strong></span> <span class='ocrx_word' id='word_1_204' title='bbox 539 3542 783 3639; x_wconf 84' lang='lat' dir='ltr'><strong>fortunae</strong></span> <span class='ocrx_word' id='word_1_205' title='bbox 823 3555 896 3613; x_wconf 85' lang='lat' dir='ltr'><strong>etc.</strong></span> <span class='ocrx_word' id='word_1_206' title='bbox 935 3557 973 3611; x_wconf 87' lang='lat' dir='ltr'><strong>&#39;et</strong></span> <span class='ocrx_word' id='word_1_207' title='bbox 1009 3557 1094 3636; x_wconf 85' lang='lat' dir='ltr'><strong>cap.</strong></span> <span class='ocrx_word' id='word_1_208' title='bbox 1131 3547 1210 3621; x_wconf 60' lang='lat'><strong>33:</strong></span> 
     </span>
     <span class='ocr_line' id='line_1_34' title="bbox 219 3635 1210 3734; baseline 0.004 -27"><span class='ocrx_word' id='word_1_209' title='bbox 219 3685 243 3724; x_wconf 63' lang='lat'><strong>5,</strong></span> <span class='ocrx_word' id='word_1_210' title='bbox 288 3639 343 3714; x_wconf 72' lang='lat' dir='ltr'><strong>ic,</strong></span> <span class='ocrx_word' id='word_1_211' title='bbox 379 3656 578 3732; x_wconf 81' lang='lat' dir='ltr'><strong>quarrtum</strong></span> <span class='ocrx_word' id='word_1_212' title='bbox 615 3643 659 3709; x_wconf 88' lang='lat' dir='ltr'><strong>in·</strong></span> <span class='ocrx_word' id='word_1_213' title='bbox 690 3639 797 3710; x_wconf 85' lang='lat' dir='ltr'><strong>bello</strong></span> <span class='ocrx_word' id='word_1_214' title='bbox 823 3641 1039 3734; x_wconf 69' lang='lat' dir='ltr'><strong>sartuna</strong></span> <span class='ocrx_word' id='word_1_215' title='bbox 1071 3635 1210 3732; x_wconf 74' lang='lat' dir='ltr'><strong>possit,</strong></span> 
     </span>
     <span class='ocr_line' id='line_1_35' title="bbox 218 3727 1212 3836; baseline -0.005 -34"><span class='ocrx_word' id='word_1_216' title='bbox 218 3747 259 3802; x_wconf 83' lang='lat' dir='ltr'><strong>et</strong></span> <span class='ocrx_word' id='word_1_217' title='bbox 285 3748 456 3829; x_wconf 83' lang='lat' dir='ltr'><strong>quantos</strong></span> <span class='ocrx_word' id='word_1_218' title='bbox 480 3735 631 3836; x_wconf 79' lang='lat' dir='ltr'><strong>afferat</strong></span> <span class='ocrx_word' id='word_1_219' title='bbox 654 3759 816 3818; x_wconf 76' lang='lat' dir='ltr'><strong>casus,</strong></span> <span class='ocrx_word' id='word_1_220' title='bbox 842 3737 1028 3836; x_wconf 77' lang='lat' dir='ltr'><strong>cognosci</strong></span> <span class='ocrx_word' id='word_1_221' title='bbox 1045 3727 1212 3829; x_wconf 71' lang='lat' dir='ltr'><strong>potest’*</strong></span> 
     </span>
     <span class='ocr_line' id='line_1_36' title="bbox 218 3828 1214 3929; baseline -0.008 -29"><span class='ocrx_word' id='word_1_222' title='bbox 218 3839 259 3900; x_wconf 81' lang='lat' dir='ltr'><strong>et</strong></span> <span class='ocrx_word' id='word_1_223' title='bbox 270 3831 310 3900; x_wconf 89' lang='lat' dir='ltr'><strong>B.</strong></span> <span class='ocrx_word' id='word_1_224' title='bbox 331 3828 411 3899; x_wconf 80' lang='lat' dir='ltr'><strong>civ.</strong></span> <span class='ocrx_word' id='word_1_225' title='bbox 427 3833 489 3922; x_wconf 86' lang='lat'>111,</span> <span class='ocrx_word' id='word_1_226' title='bbox 504 3841 581 3921; x_wconf 73' lang='lat'><strong>68.=</strong></span> <span class='ocrx_word' id='word_1_227' title='bbox 605 3836 843 3912; x_wconf 78' lang='lat' dir='ltr'><strong>Fortuna,</strong></span> <span class='ocrx_word' id='word_1_228' title='bbox 869 3855 976 3929; x_wconf 78' lang='lat' dir='ltr'><strong>quae</strong></span> <span class='ocrx_word' id='word_1_229' title='bbox 996 3828 1214 3928; x_wconf 71' lang='lat' dir='ltr'><strong>plurimum</strong></span> 
     </span>
     <span class='ocr_line' id='line_1_37' title="bbox 213 3921 1212 4028; baseline -0.003 -33"><span class='ocrx_word' id='word_1_230' title='bbox 213 3942 365 4023; x_wconf 72' lang='lat' dir='ltr'><strong>potest,</strong></span> <span class='ocrx_word' id='word_1_231' title='bbox 390 3949 510 4026; x_wconf 83' lang='lat' dir='ltr'><strong>quum</strong></span> <span class='ocrx_word' id='word_1_232' title='bbox 535 3934 577 4000; x_wconf 87' lang='lat' dir='ltr'><strong>in</strong></span> <span class='ocrx_word' id='word_1_233' title='bbox 602 3930 762 4028; x_wconf 75' lang='lat' dir='ltr'><strong>reliquis</strong></span> <span class='ocrx_word' id='word_1_234' title='bbox 783 3929 917 4006; x_wconf 79' lang='lat' dir='ltr'><strong>rebut,</strong></span> <span class='ocrx_word' id='word_1_235' title='bbox 948 3940 1035 3996; x_wconf 79' lang='lat' dir='ltr'><strong>tum</strong></span> <span class='ocrx_word' id='word_1_236' title='bbox 1055 3921 1212 4022; x_wconf 73' lang='lat' dir='ltr'><strong>praeci·</strong></span> 
     </span>
     <span class='ocr_line' id='line_1_38' title="bbox 213 4021 1213 4124; baseline -0.007 -31"><span class='ocrx_word' id='word_1_237' title='bbox 213 4040 297 4121; x_wconf 78' lang='lat' dir='ltr'><strong>pue</strong></span> <span class='ocrx_word' id='word_1_238' title='bbox 326 4026 369 4094; x_wconf 84' lang='lat' dir='ltr'><strong>in</strong></span> <span class='ocrx_word' id='word_1_239' title='bbox 400 4021 523 4107; x_wconf 77' lang='lat' dir='ltr'><strong>bello,</strong></span> <span class='ocrx_word' id='word_1_240' title='bbox 551 4031 688 4124; x_wconf 73' lang='lat' dir='ltr'><strong>parvis</strong></span> <span class='ocrx_word' id='word_1_241' title='bbox 718 4027 1124 4119; x_wconf 76' lang='lat' dir='ltr'><strong>momentismagncs</strong></span> <span class='ocrx_word' id='word_1_242' title='bbox 1152 4041 1213 4087; x_wconf 83' lang='lat' dir='ltr'><strong>re-</strong></span> 
     </span>
    </p>
   </div>
   <div class='ocr_carea' id='block_1_3' title="bbox 0 0 1374 4532">
    <p class='ocr_par' dir='ltr' id='par_1_6' title="bbox 0 0 1374 4532">
     <span class='ocr_line' id='line_1_39' title="bbox 0 0 1374 4532; baseline 0 3"><span class='ocrx_word' id='word_1_243' title='bbox 0 0 1374 4532; x_wconf 95' lang='lat' dir='ltr'><strong> </strong></span> 
     </span>
    </p>
   </div>
  </div>
 </body>
</html>
