2730 4524
273 347 320 427 68

273 536 375 633 ipsa,
400 531 451 604 rie
474 555 555 629 qua
578 531 837 629 disceptatur,
871 531 1002 599 oratio
1031 553 1114 599 non
1138 531 1258 600 modo

261 629 351 699 *illis
372 630 556 699 omnibus
585 653 634 697 ac
658 629 889 698 testimoniis
913 628 1044 712 citatis
1069 627 1257 722 monifes-

273 741 316 798 to
343 729 523 820 convenit
543 722 765 821 plenissime
771 750 786 806 ;
827 723 1053 803 sedetiam,
1077 724 1111 794 si
1134 747 1258 792 unum

274 822 421 902 locum,
433 827 518 892 sine
531 823 792 890 controversie
807 821 1019 898 insitivum,
1039 821 1255 916 exceperis,
1336 821 1339 830 '

275 944 367 990 eam
400 933 519 1016 patet
552 918 663 986 omni
697 915 886 986 historiae
924 913 1031 984 illius
1067 917 1157 986 aevis
1196 918 1255 985 ita

263 1033 510 1112 congruere,
537 1027 582 1094 ut
606 1035 658 1082 ecc
681 1010 759 1081 hac
779 1027 898 1110 parte
918 1008 1033 1080 nulla
1050 1013 1100 1082 de
1117 1035 1169 1082 ea
1187 1037 1256 1082 ex-

273 1113 374 1181 oriri
395 1110 557 1206 suspioio
577 1110 708 1205 possit.
781 1109 869 1180 Nec
896 1111 1022 1205 magis
1053 1109 1154 1178 haec
1178 1109 1256 1176 ori-

273 1219 341 1276 tur
362 1230 427 1284 eo,
453 1203 562 1301 quod
577 1207 659 1274 oiri
675 1205 783 1274 docti
806 1206 1034 1274 orationem
1050 1205 1100 1274 de
1117 1207 1255 1301 inopia

269 1303 511 1399 prudentiae
548 1299 666 1371 civilis
699 1300 1017 1399 ¹adulationeque
1051 1304 1256 1398 vitupera·

272 1414 376 1469 runt.
415 1397 526 1470 Nam
549 1396 643 1467 licet
667 1421 773 1496 nunc
791 1413 881 1466 'non
902 1413 1030 1494 posset
1054 1396 1146 1466 talis
1170 1399 1255 1466 sine

151 1541 153 1548 ι
270 1493 491 1596 offensione
518 1493 693 1590 quadam
716 1492 881 1578 haberi;
905 1509 951 1563 at
967 1495 1158 1564 Romanis
1173 1494 1256 1562 eius

112 1583 114 1592 ’
172 1589 173 1592 ’
271 1596 360 1662 aevi
376 1606 419 1662 et
442 1590 626 1663 Ciceroni
647 1604 732 1658 tam
747 1594 792 1658 in'
809 1589 884 1658 hoc
899 1592 1142 1688 potissimum
1157 1604 1256 1684 opta

269 1702 342 1765 est,
369 1703 414 1754 ut
434 1708 564 1784 paene
588 1687 839 1765 miraremur,
865 1708 896 1756 si
920 1710 1004 1755 non
1022 1683 1187 1756 essetab
1209 1709 1254 1754 eo

265 1785 445 1879 ipsoque,
480 1783 587 1878 quod
621 1785 746 1850 omnis
782 1799 1010 1852 constanter
1039 1781 1255 1880 significat,

226 1919 237 1948 t
270 1893 447 1975 tempore
469 1893 554 1946 tum
579 1876 719 1947 habita
744 1893 826 1947 tum
851 1882 1079 1975 conscripta.

365 1974 480 2046 Nune
502 1982 594 2045 v'ero
618 1970 729 2044 nobis
753 1972 944 2088 reliquum
961 1991 1034 2062 est,
1059 1991 1101 2045 ut
1117 1972 1167 2045 de
1189 2000 1257 2086 ge·¹
1352 2031 1353 2056 ἶ

270 2095 366 2142 nere
394 2070 554 2141 dicendi
580 2073 623 2142 in
658 2068 731 2143 hac
771 2089 944 2143 oratione
982 2087 1022 2142 et
1058 2068 1107 2143 de
1146 2097 1256 2142 omni

269 2172 354 2240 eius
388 2171 669 2266 compositione
698 2172 935 2266 rationeque
964 2167 1161 2238 rhetorico
1194 2189 1256 2238 ex·

269 2287 474 2361 ponamus;
507 2261 660 2363 deque
681 2263 706 2336 S
736 2263 839 2337 oldin
864 2268 938 2354 ius,
969 2282 1012 2334 ut
1033 2263 1128 2335 mihi
1151 2263 1257 2336 vide-

269 2378 347 2448 tur,
385 2383 521 2458 perum
544 2289 810 2458 probabiliter,
841 2291 940 2432 lmen
968 2364 1116 2458 scn‘psit
1147 2366 1255 2462 (pag.

273 2459 367 2553 16.):
392 2455 544 2549 „Quod
568 2459 601 2528 si
624 2481 672 2529 ex
695 2457 923 2531 scholastica
942 2455 1143 2555 disciplina
1167 2481 1256 2530 cen-

267 2557 361 2626 sum'
378 2576 492 2652 agere
515 2551 670 2626 libuerit
694 2578 812 2651 opum
837 2555 1128 2646 rhetoricarum,
1154 2579 1256 2654 quae

268 2655 345 2722 sint
368 2647 493 2742 huius,
539 2654 605 2749 qui
635 2649 755 2722 videri
783 2651 880 2742 vult,
925 2653 1139 2742 Ciceronis,
1184 2657 1256 2724 erit

267 2745 445 2846 profecto
478 2745 585 2846 quod
614 2751 731 2845 ipsius
766 2752 983 2820 memineris
1018 2751 1075 2821 sic
1105 2753 1254 2847 praeci-

267 2847 406 2942 pientis
429 2842 627 2936 ‚‚(Famill.
647 2873 681 2934 7,
699 2851 774 2938 32.)
800 2849 871 2917 nisi
895 2865 1006 2918 acuta
1031 2837 1254 2942 ἐμφιβολία,

267 2943 341 3011 nisi
372 2939 523 3037 elegans
555 2933 751 3045 ὑπερβολή,
782 2946 855 3015 nisi
878 2933 1148 3072 napdygupue
1174 2943 1255 3016 bel-

267 3035 364 3126 lum,
395 3039 466 3107 nisi
488 3041 707 3135 speciosum
731 3028 1072 3144 paedagogianos
1098 3065 1257 3138 appere-

266 3132 323 3206 bit
345 3171 394 3187 --
415 3151 654 3206 sacramento
681 3135 902 3227 contendas,
926 3159 1013 3208 mea
1036 3157 1116 3209 non
1136 3143 1255 3210 esse.''

265 3227 458 3307 Videlicet
492 3228 590 3304 haec
627 3231 764 3305 Cicero
802 3232 1020 3306 de'selibus
1046 3253 1085 3309 et
1107 3231 1255 3308 facetiis

265 3332 341 3402 suis
377 3330 541 3426 scn‘psit3
585 3323 639 3400 in'
658 3330 893 3405 orationibus
923 3355 1015 3404 vero
1054 3335 1253 3416 aestiman-

266 3425 323 3500 dis
345 3421 468 3523 longe¹
488 3423 563 3497 alia
580 3432 882 3526 praecipiuntur,
910 3433 1003 3527 quin
1030 3431 1126 3518 imo,
1154 3452 1255 3544 quae

265 3519 332 3595 hio
366 3520 591 3612 laudantur,
636 3546 682 3595 ea
717 3527 799 3623 ipsa
834 3529 875 3595 in
915 3543 1044 3596 nostra
1078 3543 1256 3598 oratione

264 3617 429 3689 maxime
472 3622 750 3715 vituperantur,
808 3614 1033 3718 ἅμφιβολίας
1078 3621 1167 3694 dico
1217 3641 1256 3694 et
1352 3627 1353 3656 '

267 3709 488 3816 ὑπερβολάς
527 3715 845 3868 παςαγράμματᾳ
863 3741 959 3796 ,νθτο
987 3722 1069 3818 quis
1096 3743 1161 3792 exs
1215 3743 1255 3792 o·

254 3827 321 3882 ¹tet
343 3815 602 3885 in'oratione.
653 3826 702 3892 At
728 3813 909 3914 equidem
938 3813 1002 3888 hic
1033 3839 1119 3888 cum
1199 3814 1255 3888 ol-

263 3905 314 3990 fio
339 3905 517 4004 (praefat.
545 3907 595 3979 ad
620 3898 700 3983 Clo.
728 3929 836 3982 orett.
863 3911 925 4004 Ν.
952 3935 1038 4024 pag.
1064 3914 1255 3984 XXXI-

264 4004 480 4095 XXXVII.)
522 4001 573 4076 de
603 4009 765 4078 ratione
792 4023 1077 4106 grammatica,
1115 4009 1254 4110 logica

718 4258 877 4516 Ξ
1005 4316 1200 4516 i>
