2702 4548
244 338 299 414 ,46

253 517 360 620 quod
392 520 551 592 minime
588 516 739 598 aberrat
775 519 827 592 ab·
860 542 920 618 ep.
949 517 1087 594 *tamna
1103 525 1181 613 tv,
1209 536 1248 618 4,

250 622 292 692 in
318 642 394 716 qua
418 616 516 691 haec
538 638 643 696 sunt:
681 643 769 688 curn
800 644 933 690 ornnes
965 641 1064 692 nure
1096 647 1156 690 me
1181 650 1248 694 ro.

99 703 101 710 ¹
185 792 187 803 ,
248 720 341 814 grati
388 715 551 790 Caesari
592 718 747 813 gratias
804 719 993 812 egissent,
1045 738 1248 808 praeter

254 816 300 885 V
301 840 325 882 ο
334 811 454 884 lenti
462 831 546 886 um:
594 817 721 910 Atque
738 810 837 882 hanc
856 815 980 908 ipsam·
993 832 1100 908 putes
1113 812 1247 888 tuisse

251 933 422 996 causam,
460 933 528 983 cur
565 912 703 990 Cicero
736 907 829 980 illud
866 909 1024 996 diceret,
1064 914 1246 996 nimirum

250 1011 342 1105 quia
359 1004 487 1096 vellet,
512 1005 630 1077 horno
653 1005 893 1102 singulariter
917 1005 1052 1094 bonus,
1071 1027 1134 1080 aut
1155 1009 1245 1082 Vol-

250 1106 390 1178 catium
423 1119 460 1172 et
482 1105 514 1173 si
541 1125 637 1202 quos
664 1100 758 1177 alios
786 1107 825 1176 in
849 1124 983 1174 senatu
1012 1109 1089 1176 eius
1116 1111 1244 1178 consi·

248 1199 358 1290 miles
380 1188 549 1288 baberet,
577 1201 624 1272 de
649 1199 799 1273 silentio
824 1205 1037 1272 morosiore
1057 1205 1244 1300 quodam-

247 1297 366 1370 modo
385 1321 583 1386 excusare,
603 1318 666 1370 aut
687 1300 838 1370 Caesari
858 1298 1105 1395 persuadere,
1126 1306 1244 1374 etiarn

248 1397 368 1493 siqui
392 1397 514 1468 minus
546 1395 784 1484 viderentur,
817 1414 856 1466 at
888 1419 968 1466 asse
1001 1415 1128 1470 tamen
1161 1425 1243 1473 orn-
1338 1467 1339 1470 ,

246 1516 316 1567 nes
354 1491 404 1564 de
437 1511 544 1563 tauto
578 1490 768 1566 beneficio
799 1489 1021 1565 laetissimos
1060 1513 1150 1588 erga
1183 1500 1242 1596 ip·
1338 1495 1339 1502 ’

246 1613 411 1688 sumque
446 1592 686 1686 gratissimos.
749 1589 896 1684 Quibus
933 1591 1028 1664 haec
1067 1593 1241 1688 adiungi·

245 1711 329 1761 ntus
355 1687 535 1758 Worrnii:
561 1684 678 1774 „vidit
703 1687 841 1758 Cicero
865 1705 1061 1758 senatores
1082 1689 1155 1763 sibi
1171 1691 1242 1771 ,di

247 1786 351 1858 centi
385 1786 600 1881 gratiasque
638 1785 782 1878 agenti,
822 1808 905 1874 ore,
948 1784 1070 1872 vultu,
1116 1789 1240 1862 oeulis

248 1883 495 1956 assentientes
525 1900 641 1978 atque
670 1878 849 1970 fatentes,
893 1903 996 1970 eum,
1034 1909 1133 1982 quae
1165 1889 1242 1982 ipsi

248 1981 475 2076 cogitarent,
504 1982 703 2067 sentirent,
733 1977 892 2080 velient,
925 1999 1028 2050 recte
1053 1985 1241 2079 interpr-s«

244 2080 360 2148 tari.“
409 2080 471 2150 De
502 2101 580 2177 quo
622 2100 728 2150 more
764 2094 984 2150 senatorum
1027 2074 1073 2151 cf.
1112 2083 1239 2156 Tacit.
1338 2093 1339 2116 ¹

243 2172 476 2264 bisalta
520 2250 523 2256 ,
721 2245 729 2256 ,
852 2255 853 2258 ¹
946 2211 952 2220 ·
1069 2214 1072 2220 =
1191 2219 1194 2225 ·

329 2276 468 2370 Atque
490 2269 587 2344 heac
612 2269 769 2370 qnidam
800 2289 886 2343 sunt
914 2270 1021 2361 loos,
1054 2298 1154 2372 quae
1183 2281 1239 2349 vi-

242 2372 293 2442 tis
330 2366 452 2442 doctis
489 2372 570 2440 visa
605 2389 691 2442 sunt
727 2369 780 2442 ab
819 2370 921 2440 illius
951 2375 1040 2439 aeri
1070 2373 1237 2444 historia

242 2465 433 2540 aberrare.
481 2471 524 2541 In
551 2465 687 2566 quibus
712 2469 744 2538 si
768 2491 885 2536 unum
911 2467 1078 2539 vidimus*
1098 2474 1236 2544 merito

240 2582 432 2655 notatum,
471 2561 562 2636 hinc
598 2587 678 2634 non
714 2567 837 2637 omnis
875 2569 1015 2652 oratio,
1057 2565 1131 2638 seri
1171 2567 1237 2642 hio

240 2668 325 2761 ipse
349 2681 501 2734 tantum·
525 2661 635 2735 locus
670 2660 791 2744 videri
829 2659 1062 2735 adulterinus
1090 2682 1233 2762 potest:

238 2783 317 2834 noc
333 2782 427 2834 vero
444 2763 575 2860 tnagis,
600 2761 631 2833 si
656 2756 804 2858 reliqua
825 2783 909 2830 curn
930 2758 1088 2832 historia-
1105 2769 1235 2835 conci-

239 2876 348 2948 nunt,
368 2856 517 2932 idcirco
539 2860 670 2930 orhnia
688 2859 854 2953 genuina
878 2855 1050 2946 dixerim,
1073 2860 1232 2957 quando

239 2953 335 3053 nibil
372 2953 569 3046 obstabat,
607 2956 701 3053 quin
740 2971 779 3024 et
814 2957 1081 3051 grammaticus
1114 2957 1234 3030 multa

238 3074 336 3126 vera
349 3050 531 3150 beneque
548 3049 815 3124 conscriberet.
857 3051 935 3123 Sed
954 3051 1004 3124 de
1022 3051 1081 3124 his
1122 3073 1233 3130 astrea
1334 3129 1335 3136 ,

237 3149 467 3234 videbimuu
496 3148 560 3220 hic
590 3162 735 3222 tantum
758 3145 938 3220 id=velim
963 3079 1231 3243 animabant,

238 3248 347 3350 quod
379 3249 509 3320 omnia
538 3250 593 3318 in·
609 3245 682 3320 hac
707 3247 880 3320 oratione
905 3271 1022 3320 unum
1047 3246 1236 3348 idemque

237 3367 387 3446 ternpus
411 3342 633 3444 significant,
657 3341 838 3416 videlicet
862 3362 949 3442 post
973 3347 1147 3418 Caesaris
1171 3370 1231 3418 re-

120 3517 123 3524 ,
238 3445 361 3516 ditum
408 3465 457 3518 ex
498 3441 628 3515 Africa
669 3464 839 3514 mensem
879 3439 970 3514 iere:
1004 3442 1228 3519 secundum.

235 3543 416 3641 Namque
440 3540 532 3614 huio
561 3556 600 3612 et
624 3539 794 3612 Caesaris
821 3538 980 3639 querela
1010 3538 1060 3612 do
1084 3541 1229 3612 insidiis
1317 3545 1321 3556 '

237 3640 412 3736 congntit
436 3655 474 3712 ot
498 3655 651 3710 senatus
676 3636 872 3711 decretum
905 3637 964 3708 de‘
984 3638 1229 3734 stipatoribus

236 3739 274 3810 ei
306 3733 585 3822 concedendn3
619 3733 776 3830 (confer
800 3758 900 3835 quae
926 3755 1038 3829 sopra
1071 3733 1130 3808 do
1150 3735 1227 3810 hnc

237 3833 498 3924 disseruimus)
548 3849 664 3932 atque
710 3833 788 3906 hoo
827 3828 924 3902 fere'
952 3841 1133 3930 tempore
1169 3852 1228 3907 est
1331 3893 1332 3900 ,

234 3927 438 4004 Marcellus
488 3932 695 4018 restitutus;
742 3927 811 4022 (cfr
851 3925 1051 4023 epistolam
1093 3928 1223 4002 samm.

234 4030 358 4125 V1,6.
386 4025 487 4100 haec
518 4027 622 4098 enim
652 4049 739 4098 cum
767 4021 1020 4118 scribebatur,
1051 4023 1117 4100 ille
1146 4033 1229 4100 iam,
