2730 4524
234 315 282 418 ⁷6.

233 510 385 590 neris,
412 507 541 582 omnis
559 527 718 580 censura
739 507 869 580 nostra
893 503 941 576 ad
957 505 1209 604 ea'pertinet‚

234 627 333 702 quae
357 609 505 703 scripsit
527 603 660 694 homo,
686 628 767 676 non
790 625 891 703 quae
908 600 1067 674 fortasse
1089 601 1211 674 voluit

232 700 438 775 scribere.’'
473 699 592 775 Wolf.
617 772 622 782 Α
646 700 723 775 Sed
753 717 977 813 „peccasset
1001 716 1152 790 auctor,
1178 701 1213 770 si

231 799 409 874 voluisset
443 787 620 872 scribere
646 803 788 870 comite
825 801 989 870 itineris.
1050 798 1150 867 Nam
1189 819 1213 868 a
1312 865 1314 874 s

233 897 427 966 curriculo
452 899 612 992 petierat
628 895 897 992 metaphoram.
946 895 1059 966 Hauc
1074 912 1117 964 ut
1132 915 1213 964 ser·
1286 969 1290 976 ,
1349 935 1350 950 1

232 1009 352 1082 varet‚
377 1015 504 1090 neque
527 1015 606 1062 uno
631 991 748 1063 verbo
775 987 977 1062 defunctus·
999 1007 1038 1062 et
1058 989 1106 1060 ad
1124 1013 1213 1088 pro·

231 1090 314 1185 pria
338 1087 670 1161 statim'revolutus
694 1086 824 1162 locum
842 1085 978 1158 durum
995 1084 1210 1160 faceret...
1234 1099 1238 1106 '

231 1182 394 1256 subiecit
428 1189 542 1283 quati
577 1186 692 1280 quod.
725 1210 752 1258 s.
788 1201 827 1255 et
857 1187 920 1257 o.”
959 1183 1123 1270 Weisk.;
1161 1183 1213 1254 ad

233 1305 331 1378 quae
357 1280 406 1352 de
429 1285 467 1352 vi
489 1280 759 1354 vocabulorum
779 1285 928 1352 comitis
947 1297 985 1352 et
1002 1284 1097 1351 socii
1113 1278 1213 1354 haec

234 1377 486 1476 adiungantur
506 1380 718 1452 Ciceronis:
733 1405 807 1461 *me
825 1378 984 1474 quidem
1001 1393 1104 1446 certe
1122 1393 1213 1448 tua-

233 1500 322 1546 rum
350 1479 568 1576 octiouum,
599 1479 899 1552 sententiarum,
939 1473 1216 1553 voluntatum,

232 1596 363 1642 rerum
389 1573 560 1669 denique
585 1575 762 1644 omnium
783 1573 931 1642 socium
955 1573 1215 1667 comitemque
1259 1569 1262 1576 ’

233 1665 403 1739 habebis.
495 1737 498 1744 .

262 1825 263 1830 ,
328 1767 393 1836 De
429 1767 630 1852 imitatore
671 1764 886 1834 studiorum
920 1760 1084 1836 Wolfius
1122 1759 1214 1834 dicit

233 1861 339 1956 (pag.
363 1862 466 1954 IX.):
505 1861 627 1952 „mihi
651 1855 806 1960 quidem
831 1858 881 1934 de
906 1858 1104 1932 Consulari
1131 1862 1213 1932 viro

193 1962 196 1966 ’
234 1955 409 2054 displicet
431 1981 516 2032 voc.
541 1963 737 2038 imitator,
763 1960 833 2029 etsi
851 1956 900 2030 de
918 1961 1067 2028 minore
1083 1955 1214 2030 uatu.'’

235 2071 307 2128 cet.
355 2054 542 2128 Weisicius
567 2073 693 2127 autem
717 2056 821 2158 (pag.
847 2057 927 2146 29.)
961 2053 1091 2126 dehis
1114 2052 1215 2137 haec

233 2149 369 2224 habet:
401 2156 621 2244 „Imitator
649 2176 730 2223 non
759 2151 882 2225 solum
913 2169 969 2224 est
990 2155 1038 2240 is,
1072 2153 1138 2249 qu'i
1162 2148 1214 2222 ad

236 2246 389 2320 alterius
420 2247 612 2346 exemplar
639 2271 681 2320 se
712 2271 944 2348 componere
972 2245 1117 2336 studet,
1146 2271 1214 2318 ne-

236 2369 311 2443 que
333 2343 549 2443 id'prorsus
574 2349 798 2445 assequitur,
829 2343 899 2419 sed
930 2347 1044 2416 etiam
1074 2343 1215 2442 simpli-

237 2443 346 2530 citer,
378 2444 444 2541 qui
466 2441 572 2514 idem
596 2447 688 2540 agit,
721 2441 859 2516 eadem
882 2441 1003 2516 studia
1027 2444 1213 2540 sequitur,

234 2541 289 2610 ita
323 2555 366 2610 ut
400 2538 478 2610 hoc
506 2563 586 2612 uon
617 2537 729 2612 simul
759 2538 1005 2638 significetur,
1048 2537 1215 2612 eundem

236 2659 319 2708 csse
342 2631 574 2729 inferiorem,
600 2655 638 2708 ct
661 2660 743 2710 rem
766 2661 872 2708 suam
897 2659 1010 2735 agere
1035 2634 1213 2727 deterius,

234 2732 303 2806 sed
327 2752 369 2804 ut
392 2737 504 2808 etiam
528 2733 717 2808 aemulum
746 2731 853 2804 illum
881 2745 1060 2833 superare
1084 2736 1212 2832 possit

234 2833 324 2903 Hoc
352 2853 466 2905 sensu
496 2831 598 2998 efud
630 2833 858 2909 Ciceronem
887 2830 1062 2904 decrat.
1086 2837 1123 2920 1,
1152 2843 1212 2917 54.

125 2963 129 2970 ·
234 2927 276 2998 P.
311 2925 470 2999 Rutilius
533 2931 645 3000 icitur
680 2931 855 3002 imitatus
891 2953 969 3002 esse
1004 2927 1214 3002 Socratem.

235 3021 391 3096 Scilicet
415 3023 553 3098 eodem
577 3024 696 3096 modo
723 3027 813 3122 egit,
849 3049 930 3097 nou
959 3024 1123 3098 Socratis
1150 3048 1214 3096 ex-

236 3117 404 3220 emp'lum
423 3125 634 3219 exprimere
651 3121 803 3194 studuit.
840 3124 885 3194 In
904 3123 1068 3196 Oratore
1084 3141 1215 3211 *autem

237 3244 269 3295 c.
296 3246 330 3291 2.
358 3233 413 3292 est
442 3245 523 3292 non
549 3236 768 3320 potueruut
798 3219 907 3296 Coae
932 3221 978 3290 V
974 3223 1100 3294 tueris
1126 3217 1214 3314 pul-

237 3316 500 3389 chritudinem
534 3320 693 3389 imitari.
743 3315 873 3409 Quid?
898 3339 981 3392 ,nou
1008 3331 1216 3414 potueruut

234 3407 330 3486 illud
348 3412 561 3514 exemplum
578 3413 721 3488 habere
738 3413 1006 3512 propositum&
1037 3405 1120 3486 Imo
1137 3410 1216 3484 hoc

237 3510 351 3581 cuivis
366 3535 496 3609 puero,
518 3509 689 3588 colorum
707 3515 839 3601 tutori,
862 3509 974 3588 licet..
996 3511 1086 3582 Nou
1105 3527 1216 3608 potu·

236 3623 348 3680 eruut
376 3605 495 3704 igitur
518 3613 682 3710 speciem
711 3609 1116 3704 muliebritcorporis·
1133 3633 1216 3678 ae-

237 3728 323 3802 que
344 3705 593 3802 pulchram
617 3704 808 3779 exhiberet
856 3703 1003 3776 Eodem
1028 3705 1070 3773 in
1088 3705 1214 3779 0.ch

236 3814 295 3888 23.
321 3800 523 3874 imitabilis
552 3800 689 3876 dicitur
718 3797 1111 3876 orationissubtilitas
1136 3799 1217 3901 plaf

236 3922 288 3970 ue
314 3893 452 3970 eodem
476 3920 602 3988 sensu,
627 3916 670 3969 ut
693 3901 832 3970 eodem
850 3897 984 3974 modo,
1010 3921 1136 3996 oeque
1152 3898 1217 3970 be·

228 3993 289 4067 'ne
312 3995 431 4095 possis
457 3991 601 4086 dicere,
631 4019 713 4069 non
741 3990 865 4067 solum
881 3990 1056 4072 'accedas
1081 3992 1138 4070 ed
1165 3996 1217 4068 si·
