2702 4548
1025 358 1073 434 37

79 543 277 646 querelam
309 543 359 614 de
389 541 534 615 insidiis
564 565 696 614 carere
725 543 834 614 vitio:
866 544 1071 632 itanunc,

79 662 162 714 tum
200 647 236 718 ei
272 642 350 714 hoc
379 659 551 738 tempore
587 640 702 712 talem
738 639 958 712 relationem
985 657 1073 718 ‚tum

77 743 230 812 senatui
294 740 489 812 custodiae
553 741 722 836 corporis
783 739 1073 810 concessionem

76 835 185 908 illam
214 836 320 935 (cap,
338 840 385 908 X.
406 837 519 930 extr.)
551 859 774 931 congruere,
797 838 928 933 paucis
950 841 1074 904 osten·
1110 919 1114 928 Ι

79 934 178 1006 dere
216 930 409 1011 conabor,
456 937 573 1020 Nam,
611 933 717 1031 quod
756 935 961 1004 maximum
998 947 1072 1018 est,

79 1033 287 1106 Gaesarem
313 1047 399 1101 ante
423 1028 531 1101 illum
555 1030 657 1100 diem
681 1033 720 1100 in
739 1029 834 1100 urbe
859 1053 939 1099 non
964 1050 1075 1096 usum

78 1151 165 1202 esse
190 1128 362 1200 custodia
389 1130 579 1223 corporis,
607 1147 787 1224 exparte
840 1126 969 1197 uidem
997 1121 1075 1194 elu-

80 1245 146 1296 cet
177 1249 222 1296 ex
255 1227 416 1322 Appiani
448 1221 537 1296 bell.
571 1227 640 1297 civ.
673 1239 760 1316 485,
804 1153 871 1296 ilbi
902 1226 942 1293 in
973 1220 1073 1292 sedi-

78 1325 187 1394 tione
212 1321 369 1393 militum
395 1333 484 1394 'eum
516 1347 596 1392 nou
620 1346 688 1392 sua
714 1321 862 1419 aliqua,
905 1318 973 1392 sed
1001 1322 1074 1389 An·
1171 1339 1174 1346 ’

76 1422 177 1492 tonii
201 1418 433 1514 legionibus,
463 1442 560 1518 quae
583 1437 673 1489 tunc
697 1418 781 1489 urbi
803 1419 992 1516 praesidio
1019 1439 1075 1486 es·

74 1536 181 1605 sent,
208 1517 321 1588 aedes
347 1540 431 1588 suas
458 1515 752 1588 circumdedisse
777 1515 953 1613 legimus3
988 1536 1075 1584 eam

76 1638 190 1701 vero,
223 1637 335 1712 quam
366 1616 405 1684 in
433 1612 541 1686 bellis
569 1612 723 1686 Gallicis
749 1617 976 1710 praetoriam
1002 1608 1075 1680 sibi

78 1709 242 1800 lecerat,
280 1709 471 1808 legionem
508 1710 714 1797 decimam,
759 1715 817 1802 (B.
854 1711 899 1781 G.
930 1711 958 1797 I,
990 1706 1075 1802 do.)

77 1810 181 1879 inter
222 1811 322 1901 ipsos
371 1806 642 1880 tumultuantes
685 1807 820 1878 urbem
867 1809 1075 1902 ingressam

79 1927 172 1978 esse.
201 1907 321 1999 (Suet.
340 1908 447 1979 Caes.
478 1929 561 2004 cap.
583 1908 699 1978 LXX.
719 1907 804 2004 App
835 1915 905 1990 486
921 1921 958 1973 et
974 1905 1072 1996 437.)

78 2003 214 2096 (Quae
241 2003 378 2074 eadam
405 2021 618 2099 coarguunt
644 2005 810 2072 Dionem
836 2003 972 2093 (XLII,
993 2004 1076 2094 52.)

77 2122 153 2197 pro
196 2100 416 2170 cohortibus
460 2101 623 2170 urbcmis
665 2121 867 2196 perperam
905 2102 1076 2194 posuisse

75 2201 324 2292 praetorias,
357 2201 422 2294 qui
448 2220 552 2268 error
584 2212 622 2266 et
652 2199 811 2267 omnino
842 2193 961 2266 facilis
994 2212 1076 2266 erat

81 2288 156 2384 (cI.
190 2292 419 2381 eiusd.·,LV,
453 2305 510 2376 ud.
542 2295 718 2380 LVI,·32.
747 2311 817 2366 cet.
849 2292 951 2366 Suet.
978 2292 1073 2389 Aug.

78 2391 163 2479 IL.)
207 2408 256 2484 et,
284 2393 323 2460 iu
363 2393 434 2460 isto
472 2387 671 2474 facillimus
714 2387 783 2485 (cf.
819 2393 982 2464 Reimar.
1024 2389 1077 2461 de

79 2484 317 2558 naevisltist.
343 2489 481 2558 Diouis
507 2479 763 2586 pag.‘15tio.))
822 2491 948 2586 Atque
974 2486 1075 2558 istud

83 2582 238 2680 quidem
274 2583 418 2684 fuctum
456 2602 512 2657 est
543 2603 630 2678 ante
662 2584 801 2658 bellum
837 2585 1076 2672 Africanum

82 2702 157 2750 nec
191 2705 282 2753 vero
319 2685 436 2780 magis
473 2687 597 2754 statim
636 2701 724 2780 post
759 2684 837 2755 hoc
870 2685 1075 2754 Caesarem

47 2775 306 2850 ¹satellitibus
360 2785 537 2878 stipatum
593 2778 708 2865 fuisse
757 2778 1001 2876 intelligimus
1052 2802 1078 2852 e

80 2875 198 2947 Dion.
225 2877 375 2968 (XLIII,
405 2882 494 2971 18.),
520 2877 586 2948 ubi
609 2892 782 2949 senatum
808 2877 857 2949 de
882 2874 1073 2969 militibus,

82 2996 178 3070 quos
215 2971 387 3044 nondum
427 2975 634 3064 dimiserat,
680 2979 825 3073 erigens
864 2994 901 3048 et
940 2974 1076 3046 confir-

81 3093 205 3160 mans,
233 3095 297 3141 eos
322 3097 403 3143 non
433 3097 518 3161 sua,
550 3073 618 3144 sed
650 3072 811 3168 reipubl.
839 3097 964 3147 causa·
983 3097 1075 3144 con-

82 3169 196 3236 tineri
226 3167 356 3254 docet3
390 3170 440 3242 de
469 3173 639 3268 corporis
670 3195 764 3244 vero
793 3175 849 3243 sui
882 3169 1073 3258 custodia,

85 3267 258 3364 quae,.si
284 3265 532 3363 qualuirset,
561 3271 706 3367 quippe
724 3267 865 3362 Syllani
891 3267 1073 3362 temporis

81 3363 307 3432 memoriam
337 3387 538 3455 renovanS,
577 3371 784 3438 maximum
817 3363 965 3435 factura
996 3383 1074 3432 me-

82 3477 162 3530 tum
185 3457 331 3548 fuisset,
357 3461 617 3538 ne'levissime
652 3462 814 3559 quidem·
842 3483 1080 3533 commemo-·

82 3573 149 3644 rat.
185 3556 351 3648 ¹Quare,
385 3563 417 3630 si
441 3562 582 3632 Caesar
606 3577 696 3632 tunc
721 3562 760 3629 in
785 3557 883 3630 urbe
906 3581 982 3632 non
1009 3557 1076 3630 ha-

83 3651 198 3725 bebat
236 3654 412 3727 custodes
457 3660 645 3754 corporis,
689 3655 777 3745 sed,
819 3674 860 3727 ut
902 3674 1074 3727 extremo

81 3753 179 3823 vitae
198 3775 288 3824 suae
306 3772 495 3852 tempore,
522 3757 642 3853 (App.
660 3765 742 3849 495.
761 3756 851 3825 Dia.
867 3755 1001 3842 XLIV,
1022 3757 1072 3850 7.)

85 3867 282 3922 contentus
310 3872 390 3923 erat
413 3852 557 3943 XXIV,
585 3875 678 4018 ppos
703 3849 866 3924 dictator
891 3849 1073 3942 habebat,

82 3944 274 4018 lictoribus
315 3937 530 4046 triplicatis,
630 3951 680 4021 io.
713 3953 844 4040 XLIII,
879 3961 940 4034 1d;
977 3951 1073 4036 19.),

84 4043 188 4117 idem
230 4068 321 4119 vero
363 4053 498 4146 postea
548 4066 866 4122 commemoratur
905 4042 1074 4119 satelliti-
