2730 4524
202 381 269 444 ,92

221 552 323 639 roni,
361 547 431 621 sed
456 549 702 642 grammatico
736 566 792 620 est
818 545 1065 620 addicendus.
1133 539 1209 637 Ac,

221 650 253 719 si
277 650 348 719 viri
373 645 478 718 docti
494 647 591 719 haec
612 672 690 718 non
705 644 992 742 improbabunt,
1018 644 1134 717 velim
1161 642 1212 717 de

222 744 302 815 aliis
329 747 445 814 etiam
471 743 699 843 quibusdam
722 746 763 812 in
789 742 864 814 hoc
891 745 1015 839 capite
1046 767 1109 813 me
1143 741 1212 812 be·

220 846 337 938 nigne
364 839 530 912 audiant.
581 845 729 936 Nempe
754 843 959 927 sententia,
996 863 1018 908 a
1044 865 1121 938 qua
1147 862 1211 910 ex-

223 937 387 1022 orditur:
419 936 591 1024 laudem,
625 962 740 1035 quam
766 938 906 1007 Caesar
937 936 1130 1030 Marcello
1152 959 1211 1006 re-

220 1035 413 1107 stituendo
443 1033 514 1103 sibi
547 1029 734 1122 effecerit,
762 1056 841 1104 esse
872 1035 1057 1102 maiorem
1090 1036 1212 1104 omni-

219 1131 291 1203 bus
318 1134 396 1202 eius
423 1127 566 1201 bellicis
591 1128 789 1218 laudibus,
810 1149 887 1200 tam
912 1154 1011 1200 nova
1038 1149 1094 1202 est
1117 1149 1212 1201 tam-

221 1251 298 1327 que
323 1252 346 1297 a
373 1230 566 1299 communi
593 1227 778 1324 opinione
804 1226 999 1314 aberrans,
1021 1248 1069 1314 ,ut
1093 1231 1211 1297 maxi-

220 1350 284 1396 me
316 1323 444 1424 aliqua
478 1321 734 1422 explicatione
765 1341 802 1395 et
834 1321 1123 1396 confirmatione
1154 1328 1212 1394 in·

224 1423 360 1518 digeat.
434 1424 535 1492 Num
565 1444 657 1492 vero
689 1422 786 1492 haec
817 1420 925 1491 datur
960 1419 1049 1492 illis:
1081 1421 1210 1494 ‘Soleo

221 1545 338 1617 saepe
372 1517 481 1592 cet.?'
508 1522 586 1589 imo
619 1518 675 1590 his
706 1541 830 1617 usque
854 1518 920 1588 ad:
960 1542 1095 1588 amens
1118 1523 1208 1598 sim,

221 1613 318 1712 nihil
341 1610 412 1687 nisi
441 1614 576 1687 verba:
605 1615 777 1688 xNullius
809 1632 970 1684 tontum
1091 1619 1212 1710 possit

221 1717 331 1783 aliter
353 1716 628 1809 exprimuntur,
667 1714 724 1781 sic
747 1729 893 1799 tamen,
935 1714 1041 1781 utin
1067 1710 1124 1782 his
1150 1732 1211 1782 res

223 1809 394 1879 Caesaris
421 1827 549 1906 gestae
578 1807 800 1905 simpliciter
832 1811 938 1878 omni
954 1810 1211 1878 enarratione

219 1908 379 1976 maiores
404 1903 692 2002 praedicentur3
719 1908 759 1974 in
783 1908 860 1976 istis
882 1928 1012 1980 earum
1034 1929 1121 1976 cum
1150 1927 1211 1976 ce-
1306 1973 1310 1984 ,
1351 1943 1352 1950 1

220 2020 389 2074 terorum
414 1999 586 2073 omnium
610 2006 880 2098 imperatorum
911 2022 949 2074 et
981 2001 1214 2101 populorum

219 2098 333 2178 rebus
360 2103 470 2196 gestis
488 2102 785 2199 comparatione,
811 2125 928 2200 quam
944 2124 1107 2197 magnae
1125 2103 1210 2189 sint,

221 2196 453 2270 ostendatur.
527 2199 603 2268 Ista
632 2219 740 2268 vero:
772 2214 909 2268 tuanen
939 2199 1099 2296 affirmo

171 2345 175 2358 .
222 2310 447 2365 consecutus
478 2317 533 2374 es,
577 2296 619 2364 in
657 2292 714 2365 his
749 2293 929 2366 redeunt:
973 2296 1045 2364 secl
1075 2311 1212 2365 tumen

220 2408 313 2462 sunt
335 2389 422 2460 aliu
447 2395 614 2461 maiora.
663 2391 790 2487 Atque
815 2391 892 2462 hoc
910 2387 1067 2490 quidem
1092 2413 1222 2489 quan-1

125 2543 132 2560 .
220 2484 273 2560 do
299 2503 355 2558 est
378 2504 455 2558 tam
487 2485 650 2576 clarum,
687 2505 730 2556 ut
760 2511 874 2560 nemo
907 2490 948 2560 id
977 2511 1057 2558 non
1089 2486 1212 2560 oculis

218 2582 365 2674 videat,
403 2595 555 2656 tantunt
575 2601 691 2657 restat
714 2583 846 2674 nobis,
883 2603 925 2657 ut
951 2583 1210 2681 exploremus,

222 2705 324 2780 quae
347 2684 428 2778 ipsa
441 2682 649 2773 Ciceronis,
670 2705 849 2781 quaeque
893 2686 1103 2755 nammatioi
1129 2707 1213 2754 esse

218 2778 430 2852 videantur.
480 2782 525 2851 in
578 2803 641 2869 uo,
667 2801 717 2851 ne
749 2783 790 2850 in
815 2707 976 2852 molesta
1002 2799 1040 2849 et
1063 2783 1213 2851 incerta

218 2868 454 2971 singulorum
488 2806 722 2974 prolusione
759 2899 830 2948 nos
873 2895 1140 2976 torqueamus,
1179 2881 1212 2948 si

218 2971 512 3069 perpendimus,
562 2973 669 3139 quod
711 2978 752 3044 in
795 2972 853 3044 his
893 2973 1006 3046 rebus
1042 2979 1212 3044 tironum
1248 2981 1251 2990 ⁴

217 3071 417 3168 proprium
435 3092 518 3141 esse
536 3094 579 3141 so
597 3088 652 3159 et,
677 3089 719 3142 ut
737 3069 925 3168 simplicia
945 3089 1211 3158 contemnant3

218 3165 432 3266 splendidis
462 3191 553 3240 vero
587 3165 866 3266 artificioseque
899 3194 945 3241 ac
977 3168 1124 3240 tumide
1150 3189 1214 3239 ex·

219 3269 407 3364 aggeratis
428 3287 674 3364 summopere
695 3263 890 3338 studeant:
926 3265 1108 3366 equidem
1132 3289 1215 3338 ver-

218 3361 286 3432 ba:
322 3361 428 3434 soleo
460 3389 577 3460 saepe
702 3369 857 3434 maiora
888 3367 1133 3462 grammatico
1160 3381 1215 3432 at-

221 3483 300 3554 que
322 3458 404 3530 illa:
438 3460 601 3533 Nullius
626 3475 783 3530 tantum
809 3464 987 3535 Ciceroni
1013 3459 1215 3532 reddenda

217 3554 397 3628 iudicem.
450 3555 540 3647 Quo
569 3554 672 3629 facto
706 3560 849 3654 optime
879 3562 979 3631 inter
1007 3583 1050 3630 se
1075 3555 1216 3631 cohae-

218 3668 319 3741 rent,
348 3675 446 3748 quae
472 3649 621 3752 reliqua
644 3652 846 3726 habemus:
872 3657 1030 3730 Nullius
1055 3671 1215 3727 tantum

304 3766 530 3821 consecutus
555 3776 604 3825 es.
654 3753 763 3826 Nam
783 3750 944 3826 bellicas
960 3751 1096 3823 laudes
1122 3769 1196 3826 cet.
