2702 4548
243 335 291 412 44

238 517 582 610 [θωητιπᾉῑτᾶᾕ
606 527 679 591 πᾶα
705 539 817 586 mora
830 511 1120 588 Alexandrina
1143 533 1264 580 cau-

241 619 505 706 tantillorum
533 619 714 686 certarit.

338 719 420 813 Cap
461 717 518 803 VI,
550 736 601 786 to.
639 713 764 782 nostri
793 713 1080 787 animentur,
1115 719 1168 772 nt
1202 705 1259 770 in

239 837 339 910 paca
366 838 538 910 semper,
572 818 624 880 tic
654 827 749 878 tnnc
781 813 902 878 etiam
934 810 978 875 in
1008 803 1113 875 bello
1145 825 1259 870 corz-

239 907 450 1008 gruebont.
501 903 751 996 „Marcellum
784 929 940 1004 quoque
978 899 1138 974 consilia
1178 919 1258 992 pa-

207 1043 210 1054 ·
244 1009 297 1076 cis
323 1009 498 1101 agitasse,
538 1022 794 1073 commentum
821 1021 889 1091 est,
929 1024 1006 1098 quo
1040 1023 1115 1070 nec
1142 995 1256 1065 Cae-

242 1126 319 1187 sar,
357 1126 431 1172 nec
466 1102 664 1198 quisquam
703 1102 927 1173 Senatorum
959 1094 1040 1167 falli
1077 1096 1254 1192 potuit.“

244 1202 356 1296 „Non
385 1215 439 1268 est
465 1216 740 1279 commentum
777 1203 849 1270 nisi
874 1197 1105 1268 Ciceronem
1134 1193 1253 1264 dice-

243 1320 325 1366 mus
345 1293 566 1368 Marcellum
586 1290 707 1393 ipsam
728 1293 860 1366 fallere
878 1292 1053 1382 voluisse,
1071 1317 1160 1364 cum
1187 1288 1251 1360 illi

243 1390 426 1464 scriberet
447 1398 530 1466 Div.
546 1395 608 1484 lV,
630 1421 662 1481 7.
692 1396 791 1465 Vidi
809 1410 864 1471 te,
882 1416 1012 1488 neque
1031 1389 1247 1460 consilium
1318 1437 1319 1440 κ

246 1489 338 1564 belli
361 1492 481 1562 civilis
506 1496 563 1561 ita
587 1493 775 1590 gerendi,
808 1515 936 1588 neque
962 1490 1094 1585 copias
1118 1487 1245 1556 Pom-

240 1592 349 1685 peii,
383 1615 457 1658 nec
478 1613 602 1684 gertus
627 1591 822 1658 exercitur
842 1584 1038 1684 probare,
1071 1607 1245 1679 semper·

243 1707 320 1780 que
343 1708 489 1752 summe
513 1684 704 1782 diffidere.
761 1684 851 1781 Qua
882 1685 923 1752 in
953 1683 1151 1751 sententia
1177 1702 1244 1748 ma

245 1805 281 1876 qr
300 1804 402 1874 oque
425 1781 572 1873 satire,
605 1785 794 1849 memoria
825 1797 960 1850 tenere
996 1795 1037 1848 te
1067 1775 1239 1846 arbiror.

246 1879 424 1970 Itaque
460 1901 608 1974 neque
645 1894 693 1946 tu
725 1876 921 1945 multum
955 1873 1243 1968 interfuisti

246 1973 387 2044 rebus
407 1976 656 2070 gerendis,
685 1991 731 2043 et
754 1999 843 2072 ego
869 1973 920 2042 id
940 1995 1123 2064 semper
1144 1973 1238 2068 egi,
1319 1995 1320 2028 ³

246 2093 304 2140 ne
333 2088 623 2143 lnterestem.
677 2072 737 2162 lV,
763 2098 797 2160 9.
853 2069 1057 2142 Probatur
1075 2067 1241 2163 factum
1319 2069 1320 2134 i

246 2185 382 2245 tunm,
420 2171 526 2267 qnod
555 2185 594 2240 et
623 2173 784 2239 initiam
821 2166 945 2242 betti
980 2166 1133 2236 civilis
1164 2191 1239 2234 ne-

249 2268 454 2334 cessario
489 2286 676 2335 secutus
701 2269 770 2348 tit,
803 2281 843 2337 et
873 2281 1056 2335 extrema
1086 2264 1240 2355 sapien-

248 2376 306 2430 ter
329 2365 510 2458 persequi
534 2363 741 2436 nolueris.“
779 2363 983 2434 WormiuS.
1036 2359 1131 2434 Cum
1158 2359 1239 2456 qui·

247 2453 317 2528 bus
336 2452 436 2527 bene
457 2461 707 2556 coniungetur
733 2479 770 2530 et
788 2457 1034 2555 reprehensio
1062 2473 1105 2527 et·
1125 2479 1238 2528 excu-

247 2557 344 2628 satio
375 2551 526 2626 illorum
559 2565 642 2653 cap'.
668 2557 747 2629 Vll.
781 2577 838 2628 21.
870 2573 913 2626 ut
944 2573 1018 2625 aut
1047 2552 1149 2624 nulli
1176 2577 1236 2623 su-

245 2657 396 2751 persint
427 2655 478 2724 de
510 2657 701 2733 inimicis,
739 2670 812 2723 aut
843 2656 915 2750 qni
946 2649 1233 2744 superfuerunt,
1320 2719 1321 2742 χ

247 2753 327 2820 sint
349 2755 583 2825 amicissimi.
628 2754 715 2842 „vix
742 2751 901 2849 positivo
929 2746 1101 2820 credulas
1129 2767 1233 2818 aures

247 2843 482 2943 praebuisset
530 2850 671 2922 Caesar
689 2855 710 2892 “
760 2844 877 2920 Wolf.
934 2843 1122 2917 Videlicet
1163 2843 1232 2915 hae

249 2942 462 3014 oratoribus
504 2965 612 3018 erant
650 2970 721 3017 usu
765 2966 987 3022 concessae
1010 2939 1072 3014 vel
1112 2945 1232 3039 potius

248 3043 332 3138 ipsa
378 3043 593 3114 orationum
642 3061 777 3112 natura
825 3044 1063 3114 necessariae
1112 3061 1230 3110 rerum

250 3139 559 3236 exaggerationes
594 3158 708 3238 atque
734 3166 756 3209 a
780 3163 870 3211 vero
901 3163 1040 3236 parvae
1072 3134 1231 3209 declina·

248 3238 390 3326 tiones3
437 3234 542 3336 quod
582 3240 728 3312 etiamsi
769 3255 825 3310 est
863 3239 1115 3323 notissimum,
1156 3258 1232 3305 non

249 3350 376 3406 tamen
414 3333 477 3407 hic
513 3334 579 3407 illa
615 3339 762 3433 ingrata
807 3353 918 3406 erunt
956 3334 1133 3408 Wormii:
1173 3335 1231 3419 „si

250 3429 427 3505 dictatori
465 3453 595 3507 orator
631 3453 761 3505 noster
796 3431 926 3505 fucum
963 3428 1090 3502 facere
1127 3427 1232 3501 stulte

251 3547 405 3600 conatus
431 3550 502 3621 est,
531 3531 624 3632 quid
651 3533 700 3603 de
726 3533 916 3603 Cicerone
942 3528 1110 3601 dicemus
1130 3524 1229 3624 apud

251 3621 433 3709 eundem,
465 3653 537 3726 pro
571 3631 716 3727 Ligario
742 3633 796 3721 (c.
828 3632 902 3719 ια.)
933 3621 1229 3701 ὴαθοάθοίαῐηί·

250 3725 364 3796 tanti:
402 3725 471 3796 An
486 3743 618 3823 potest
634 3731 838 3827 quisquam
855 3724 1058 3802 dubitare,
1079 3725 1183 3822 quin,
1200 3724 1229 3794 si

251 3821 437 3919 Iit-'gamm
460 3824 504 3890 in
528 3823 653 3894 Italia
680 3850 756 3895 esse
783 3825 994 3920 potuisset,
1025 3823 1070 3890 in
1101 3821 1226 3890 eadem

251 3920 447 3992 sententia
460 3917 624 4015 futurus
633 3920 794 4014 ficisset,
815 3922 858 3987 in
878 3941 958 4015 qua
974 3916 1129 4012 fratres
1142 3915 1225 4010 fue-

241 4017 396 4104 ⁸rnntd.
412 4067 447 4087 ..
503 4017 549 4088 V
545 4013 727 4088 oluntate
776 4017 896 4110 igitur
935 4036 1069 4084 omncs
1111 4027 1226 4082 tecum
