2730 4524
6 1875 10 1884 1
107 1838 276 1918 superat,

1059 377 1108 454 85

112 562 204 648 sint3
229 571 304 633 nec
328 578 457 630 tamen
482 558 532 632 de
564 572 697 630 eorum
726 557 1003 657 approbatione
1035 559 1102 630 de-

112 681 239 756 spero.
289 658 389 728 Nam
413 681 518 728 nunc
548 654 721 755 quidem,
751 675 795 728 ut
818 658 995 752 vidimus,
1028 661 1102 726 sin-

111 753 201 852 gula
226 758 267 824 in
292 753 368 826 hoo
394 757 517 850 capite
548 771 625 824 tam
657 752 757 824 male
792 752 1021 842 cohaerent,
1061 772 1103 824 ut

110 851 395 949 propemodum
438 875 571 922 omnes
611 853 689 924 eius
730 854 955 949 interpretes
993 873 1100 944 saga-

111 954 234 1021 ciores
258 947 300 1018 id
323 971 476 1046 prorsus
501 947 578 1019 tale
609 973 632 1018 a
665 950 867 1044 Cicerone¹
883 945 1102 1046 profectu-nr

110 1059 195 1117 'esse
227 1043 470 1142 denegarint;
499 1043 569 1116 sed
599 1042 717 1116 multa
745 1047 785 1115 in
815 1068 863 1116 eo
893 1045 956 1115 vel
987 1047 1102 1117 corri-

109 1141 258 1240 genda,
291 1143 349 1216 vel
385 1141 593 1230 eiicienda,
629 1141 690 1212 vel
724 1141 821 1214 adeo
855 1141 965 1213 aliter
1001 1141 1102 1238 ordi-

109 1235 241 1310 nanda
267 1241 501 1326 censuerint;
534 1235 604 1327 (cf.
629 1236 775 1310 Weisk.
808 1238 875 1309 ad:
909 1239 984 1310 Illo
1016 1243 1102 1336 qui-

109 1338 225 1430 demg
245 1339 393 1410 Worm.
422 1333 487 1404 ad:
514 1333 581 1405 Ex
606 1360 683 1432 quo
783 1335 912 1430 fuerit
937 1339 1100 1420 iratr'or3

6 1457 11 1466 ·
108 1434 315 1504 Patricium
339 1428 507 1529 pluribus
532 1428 629 1502 locis
655 1449 695 1501 et
713 1431 914 1502 doctorum
933 1434 1101 1501 virorum

106 1529 253 1603 iudicia
282 1532 323 1600 in
357 1527 506 1626 ephem.
536 1525 608 1617 lit,
641 1553 734 1626 quas
765 1527 857 1598 mibi
887 1553 989 1599 nunc
1021 1551 1102 1598 non

105 1624 202 1696 licet
225 1629 449 1724 inspicere.)
478 1623 603 1724 quod,
630 1647 716 1696 cum
744 1625 904 1722 audacia
930 1643 1100 1696 nostram

101 1721 162 1794 ¹de
184 1723 263 1794 hoc
288 1747 332 1796 ca
361 1727 413 1794 ite
437 1726 664 1794 sententiam
696 1741 760 1819 aut
786 1725 1011 1821 aequiparat
1035 1730 1119 1792 aut'

326 1749 565 1892 difficultates
608 1839 723 1918 atque
765 1821 927 1918 ineptias
969 1824 1010 1890 in
1049 1843 1097 1890 eo

105 1916 375 1990 multominus
407 1941 453 1988 ac
484 1919 643 1988 minime
673 1916 838 2014 expedit.
899 1919 983 2008 Nec
1006 1939 1098 1988 vero

107 2018 313 2114 quisquam
336 2013 507 2084 haerebit
532 2019 573 2083 in
600 2037 665 2100 eo,
700 2012 806 2110 quod
838 2013 934 2086 haec
961 2019 1100 2108 oratio-

104 2114 169 2181 nis
192 2113 384 2208 corruptio
417 2135 485 2182 seu
516 2107 742 2182 deformatio
775 2115 932 2181 omnino
963 2117 1099 2209 parurn

103 2207 322 2294 verisimilis·
350 2229 431 2279 esse
460 2207 645 2280 videatur.
705 2209 804 2278 Nam
838 2207 887 2278 de
916 2208 1008 2299 hoc,
1048 2232 1097 2280 ne

107 2304 182 2376 alia
200 2304 374 2396 laudem,
399 2303 466 2390 illa
483 2327 554 2376 nos
573 2303 790 2402 plenissime
809 2304 952 2378 docent
971 2305 1097 2378 Mark-

104 2401 213 2472 landi
238 2404 290 2476 IV
316 2419 421 2473 oratt.
448 2404 536 2474 Cic..
557 2401 616 2473 cd.
636 2400 754 2476 Wolf.
781 2427 866 2500 pag.
888 2405 978 2475 LIV.
1004 2399 1094 2477 [Vl.

104 2501 216 2570 LVII.
260 2501 392 2572 LXIV.
437 2517 475 2571 et
515 2499 633 2572 rerba
683 2501 839 2571 Gesneri
880 2500 973 2572 ibid.
1009 2525 1095 2598 pag.

104 2599 317 2668 LXXXIX.
346 2595 397 2668 de
422 2615 515 2668 orat.
541 2595 709 2668 Sallustii
734 2601 774 2668 in
801 2597 1032 2670 Ciceronem
1057 2615 1109 2668 et*

104 2690 268 2766 Wolfius
287 2697 329 2763 in
347 2714 440 2766 orat.
455 2718 529 2792 pro
541 2691 726 2764 Marcello
739 2721 776 2792 p.
789 2697 899 2765 XXll
911 2737 958 2787 -Ι-
970 2695 1093 2766 XXV.

200 2788 261 2860 Ad
294 2809 407 2890 caput
429 2795 463 2863 Il
488 2791 760 2890 progrederer,
794 2796 864 2863 nisi
892 2811 1003 2862 antea
1031 2815 1093 2861 ex-

104 2887 330 2983 ponendum
359 2907 533 2988 putarem
561 2889 610 2958 de
641 2911 708 2979 eo,
748 2889 855 2988 quod
895 2893 1017 2987 aptius
1042 2891 1095 2959 vi-

106 2983 188 3056 deri
212 2989 346 3082 possit,
378 3006 499 3058 totam
523 2985 624 3057 hanc
649 2992 862 3058 orationem
895 2988 943 3058 ad
974 3013 1095 3086 gram-

103 3084 235 3153 marici
266 3088 398 3156 nescio
438 3088 541 3156 cuius
587 3088 901 3156 exercitationem·
939 3085 1094 3156 referre.

102 3181 262 3268 Verum,
288 3200 557 3279 praeterquam
583 3180 689 3277 quod
722 3207 769 3253 ex
802 3183 975 3280 omnibns
1006 3182 1094 3250 bac-

102 3293 213 3346 tenus
238 3280 405 3348 recensis
435 3279 626 3374 apparuit,
660 3303 744 3348 earn
775 3284 978 3374 maximam
1011 3279 1094 3374 qui-

103 3373 194 3444 deni
219 3391 367 3469 partem
384 3391 474 3447 ’esse
498 3387 611 3471 posse
636 3373 867 3445 Tullianam:
899 3401 990 3444 num
1017 3397 1096 3444 cre-

104 3469 225 3542 dibile
252 3489 322 3558 est,
348 3494 496 3542 merum
520 3473 651 3541 tironis
675 3475 717 3542 in
743 3469 963 3570 eloquentia
990 3493 1096 3540 exer-

105 3572 253 3658 citium,
281 3565 399 3657 nulli,·
419 3585 468 3638 ut.
483 3571 537 3638 ita
564 3567 705 3657 dicam,
737 3573 887 3639 stamini
913 3565 1094 3654 Tulliano

102 3671 292 3737 intextum
321 3689 452 3764 neque
485 3669 642 3736 omnino
674 3665 815 3736 factum
845 3665 891 3735 ad
918 3663 1095 3738 homines
1196 3741 1199 3748 .

103 3761 312 3854 fallendos,
352 3788 458 3853 num,
481 3765 662 3859 inquam,
688 3763 885 3835 credibile
905 3783 983 3850 est,
1020 3759 1096 3834 boc

105 3863 285 3958 cuiquam
314 3862 432 3932 videri
462 3862 632 3957 potuisse
662 3863 907 3957 grammatico
946 3861 1095 3932 abiudi-

107 3957 290 4047 candum‚
335 3962 611 4058 Ciceronisque
656 3963 813 4031 nomine
858 3953 1096 4031 ornandum?

47 4129 52 4136 .
106 4051 183 4129 Sed
223 4074 423 4154 praeterea
457 4060 499 4130 in
534 4063 664 4132 nostra
695 4063 870 4132 oratione
906 4075 1012 4130 tanta
1043 4067 1099 4124 est
