2702 4548
1057 329 1105 402 23

98 520 160 593 vir
178 497 426 592 doctissimus
451 531 558 613 putat
580 475 763 611 probari,l
786 531 829 584 se
853 502 934 582 n'o‘n
951 509 1106 596 ftemere

98 604 279 689 sumsisse
314 613 419 686 illam
455 614 668 684 orationem
704 637 725 681 a
761 609 962 682 Cicerone·
988 613 1106 708 scrip·

54 801 60 806 ,
98 733 180 786 tarn
207 739 289 787 esse
302 712 367 783 *ad
382 705 598 810 'ipsumque
619 707 847 780 Marcellum
874 716 1038 797 missam,
1065 707 1106 792 id

97 816 249 884 nonin
275 835 415 908 magno
462 813 545 880 onit
565 805 818 880 discrimine?
856 809 941 878 Nec
968 808 1106 878 certius

99 911 152 983 de
177 913 251 982 isto
276 907 366 981 loco
446 905 585 979 eiskius
610 908 756 996 statuit,
792 906 859 1004 qui
886 929 974 977 eum
1001 909 1105 999 (pag.

97 1011 185 1104 44.)
234 1005 366 1080 laudat
387 1085 391 1092 ⁴
412 1007 721 1102 intentatumque
771 1005 894 1077 mittit.
963 1001 1108 1074 Verum

97 1103 202 1178 haec
226 1097 349 1178 lev'ior
374 1121 430 1176 est
460 1127 591 1188 causas
621 1101 762 1198 'agendi
793 1103 906 1190 ratio,
950 1121 1111 1199 quaque

99 1228 185 1275 non
219 1207 357 1274 veritas
395 1205 546 1274 sincere
582 1197 800 1296 indagetur,
844 1196 925 1271 sed
950 1199 1108 1290 nonnisi

99 1295 367 1400 praeiudicata
454 1296 618 1368 uaedam
674 1299 806 1395 opinio
866 1293 1106 1369 defendatur.

98 1403 298 1498 Namque,
325 1415 367 1492 ut
391 1325 486 1467 ndat
513 1394 642 1468 dicam
668 1392 718 1464 de
745 1417 812 1484 eo,
839 1393 945 1492 quod
968 1394 1106 1464 Cicero

98 1496 261 1570 verbum
285 1493 476 1594 gratulor
495 1492 558 1565 vel
579 1491 810 1590 distinguere
835 1490 935 1562 'solet
952 1490 1013 1562 v'el
1040 1516 1110 1588 op-

100 1612 251 1690 ponere
286 1596 365 1663 istis
398 1596 556 1692 gratias
593 1615 737 1690 agere:
778 1587 926 1682 (samm.
958 1589 1021 1676 Vl,
1056 1612 1107 1660 ιι.

101 1693 169 1778 IX,
201 1700 255 1776 ιιι.
280 1689 381 1780 XVI,
414 1693 487 1785 16.)
506 1691 606 1788 ‚quis
631 1685 975 1788 persuadentem,
1008 1687 1110 1758 Μαι-

104 1787 244 1860 cellum
278 1787 328 1858 de
357 1784 481 1859 salute
512 1811 580 1857 sua
612 1789 667 1858 sic
697 1789 870 1856 restituta
901 1787 1109 1882 gratiarum

103 1891 296 1958 actionem
324 1883 537 1984 appellasse
562 1881 633 1955 sibi
653 1874 997 1982 probatissimam?
1028 1885 1107 1953 imo

106 2005 194 2054 cum
221 1988 292 2054 ista
314 1981 619 2055 consideramust'
654 1977 803 2076 (samm.
829 1981 892 2067 IV,
923 1982 1000 2070 11.)
1032 1975 1109 2051 Res

103 2081 438 2178 quemadmodum
487 2083 536 2150 sit
583 2094 701 2157 occu,
752 2095 913 2147 vestrae
963 2077 1109 2148 literae

103 2177 206 2246 mihi
228 2176 457 2254 declarant,
484 2173 565 2268 (adx
582 2177 782 2246 Ciceronis
809 2173 859 2244 de
886 2193 932 2244 ea
957 2195 999 2243 re
1025 2175 1110 2243 ua'r-

104 2275 293 2342 rationem
327 2269 475 2366 (samm.
501 2273 564 2362 IV,
591 2277 649 2363 tl.)
678 2268 901 2343 mirabiliter
931 2271 1036 2342 nuda
1071 2288 1111 2342 et
1138 2361 1140 2365 Ι

103 2369 270 2476 frigida)
300 2365 362 2440 vel
386 2378 473 2442 cur‘n
493 2380 648 2454 ornnem
672 2372 741 2440 viri
763 2372 973 2466 'gravissimi
993 2372 1110 2440 vitam
1223 2460 1226 2466 Ι

103 2467 398 2568 perpendimus,
423 2467 523 2540 haec
542 2471 578 2541 ei
599 2470 747 2566 aptiora
764 2467 986 2540 videantur:
1003 2483 1109 2538 tuam

107 2566 158 2637 de
195 2591 265 2638 me*
278 2569 481 2664 gratiarum
504 2569 697 2638 actionem
720 2584 815 2665 puto
842 2563 1116 2638 communibus
1140 2576 1144 2584 '

107 2661 245 2733 horum
264 2681 482 2760 temporum
509 2665 669 2735 miseriis
691 2659 1016 2737 concedendam*
1037 2664 1108 2753 Ac,

106 2763 138 2832 si
166 2760 217 2831 de
241 2760 318 2834 hoc
342 2761 413 2832 viri
439 2762 546 2835 docti
571 2759 680 2832 aliter
698 2779 920 2851 senserunt,
941 2776 1111 2832 attamen

106 2855 147 2929 id
171 2856 305 2929 debuit
322 2883 389 2932 eos
408 2859 455 2930 ab
475 2863 546 2931 ista
571 2857 649 2931 loci
668 2861 986 2958 interpretatione
1006 2878 1111 2929 aver-

107 2974 200 3049 tere,
217 2956 323 3057 quod
340 2959 598 3056 gratiarumjn
618 2975 754 3039 senatu
768 2962 875 3030 actio-
887 2956 938 3028 ad·
947 2954 1111 3029 Marcel·
1188 2975 1200 3010 ³

106 3051 185 3124 lum
205 3059 318 3127 missa
345 3079 423 3126 non
443 3059 629 3154 potuisset
649 3055 742 3126 dici:
768 3057 866 3156 fieri
891 3053 939 3125 ab
961 3059 1110 3155 optimo

110 3154 257 3241 animo,
278 3152 347 3223 sed
364 3154 488 3250 facta
514 3177 603 3224 esse.
631 3155 774 3230 Verum
795 3167 862 3240 ne,
879 3153 1112 3225 levissimum

110 3245 372 3344 argumentum
388 3249 536 3348 plenius
549 3249 728 3340 refutans,
738 3255 777 3322 in
790 3250 975 3324 molestae
986 3248 1111 3347 longi·
1137 3299 1144 3346 ;

108 3345 251 3417 tudinis
273 3349 613 3444 reprehensionem
630 3352 840 3437 incurram,
860 3347 1041 3447 equidem
1061 3346 1112 3420 de

108 3445 201 3515 isti‘s':
225 3443 451 3538 gratulatio
469 3464 542 3515 tuo
564 3447 851 3520 seuerissime:
880 3444 1112 3538 Ciceronem

108 3545 148 3638 iu
173 3538 360 3642 (epistola,
391 3539 506 3641 quam
530 3542 788 3642 perdidimus,
812 3543 1001 3616 Marcello
1029 3567 1112 3618 esse

112 3638 158 3711 de
172 3641 287 3738 ipsius
312 3637 441 3724 salutis
460 3645 699 3713 restitutione
718 3641 967 3740 grattrlatum53
985 3643 1036 3714 ad
1054 3643 1112 3736 id·

111 3761 187 3836 que
218 3735 323 3810 hunc
355 3737 554 3810 nostro'in
581 3739 668 3815 loco
696 3741 948 3839 respondere:
981 3741 1030 3812 de
1064 3764 1112 3812 ea

110 3834 422 3934 s'ese'paullulum
439 3836 627 3934 gauderet
656 3845 743 3910 c'um
759 3841 846 3911 viris
865 3860 992 3912 autem
1013 3842 1112 3937 opti-

111 3934 180 4003 mis
207 3935 527 4008 consuetudinem
566 3935 639 4008 sibi
672 3935 755 4020 fore
778 3930 1109 4028 iucundissimam,

113 4033 294 4134 atq‘uein
320 4032 366 4108 ἑο
392 4059 432 4107 se
456 4035 532 4109 sibi
551 4035 765 4135 grcztulczti⁴
908 4039 911 4050 ’
