2730 4524
280 333 358 435 82⁴,

280 518 371 590 Non
398 512 633 611 quaerimus,
666 507 865 608 quomodo
896 507 993 581 haec
1022 531 1110 582 cum
1136 513 1274 608 capitis

222 603 225 620 ¹
281 613 326 686 V.
353 614 462 682 initio
490 626 715 706 congruant:
747 609 885 705 Atque
918 607 993 678 hoc
1020 608 1058 680 C.
1097 607 1276 682 Caesaris

281 711 488 800 indistans,
514 707 561 776 P.
590 706 647 783 C„
674 729 795 803 qaam
818 704 901 774 late
923 721 1083 798 pateat,
1109 721 1274 778 atten-

282 800 404 889 dite}
429 803 497 879 sed
523 805 564 872 in
589 802 665 872 hoc
689 818 835 870 tantum
855 803 981 895 capite
998 822 1069 871 nos
1086 817 1272 893 tenemus,

281 905 324 994 in
364 926 441 999 quo
473 903 550 971 iam
580 901 730 969 ratione
771 891 935 968 mirabili
965 915 1004 969 et
1050 897 1276 1002 Marcellus

283 1025 331 1074 ea
369 1001 620 1072 restitutione
659 998 787 1066 ontais
827 1009 923 1064 aare
964 1011 1084 1063 actae
1123 1000 1275 1068 aetatis

273 1095 458 1191 fractam
488 1095 627 1190 cepisse
657 1095 890 1163 marimum,
919 1088 1059 1162 dicitur
1092 1108 1129 1162 et
1174 1092 1273 1164 Cae·
1358 1121 1359 1140 ¹

281 1196 363 1272 sari
383 1189 677 1286 praetereundo
704 1185 892 1259 nonnihil
917 1187 1044 1258 laudis
1074 1189 1273 1287 adspergi-

281 1303 349 1362 tur
386 1302 423 1358 et
451 1285 672 1358 Marcellus
695 1286 826 1355 denuo
849 1286 1108 1380 praedicatur
1129 1290 1273 1356 merito

207 1449 209 1458 χ
271 1383 528 1478 fortunatum
554 1384 698 1479 quippe
716 1381 945 1460 nobilitate,
961 1380 1184 1478 probi-tate,
1204 1407 1274 1480 op-

281 1484 471 1558 timarum
496 1480 645 1548 artium
668 1479 816 1558 studia,
847 1479 1078 1548 innocentia
1109 1493 1151 1547 ec
1176 1503 1274 1574 quo-

281 1581 343 1651 vis
363 1601 513 1674 genere
539 1574 670 1644 laudis
701 1577 879 1642 oninium
900 1577 1272 1668 praestantissimas.

377 1673 505 1768 Atque
529 1668 630 1740 hanc
653 1691 779 1740 rerum
810 1667 1074 1740 confusionem·
1107 1693 1168 1742 ac·
1185 1693 1274 1767 per·
1358 1703 1359 1744 1

280 1766 556 1854 turbationem,
582 1765 685 1836 hano
709 1768 832 1836 omnis
859 1766 1015 1843 dicendi
1039 1770 1125 1838 artis
1150 1767 1274 1838 imbe-

283 1864 479 1940 cillitatem
511 1881 627 1961 atque
656 1865 828 1959 inopiam
863 1864 1043 1935 Ciceroni
1070 1864 1273 1962 imputabi-

281 1987 381 2051 mus,
420 1965 460 2032 in
493 1985 570 2058 quo
604 1965 788 2030 Summam
819 1963 1040 2059 suspicimus
1070 1962 1275 2034 sententia-

282 2085 365 2132 rum
391 2055 630 2156 planitatem,
660 2055 880 2130 facillimam
909 2063 1079 2154 omnium
1108 2061 1208 2129 inter
1231 2081 1274 2130 se

284 2159 616 2245 coniunctionem,
657 2153 824 2252 denique
855 2173 999 2228 tantam
1021 2159 1071 2228 ¹in
1104 2153 1273 2228 dicendo

285 2254 566 2342 dexteritatem,
593 2277 668 2352 qua
692 2255 814 2322 maior
837 2256 899 2325 vix
923 2251 1001 2356 ulle}
1018 2277 1187 2351 unquam
1207 2276 1273 2324 ex-

283 2349 398 2431 stitit?
434 2353 512 2420 imo
552 2347 733 2448 equidem
769 2351 839 2422 ista
877 2353 930 2422 sic
967 2375 1018 2422 ne
1059 2376 1082 2420 a
1118 2349 1274 2422 rhetore

285 2445 443 2546 quidem
475 2443 648 2543 profecta
685 2468 765 2518 esse
801 2465 895 2543 puto
929 2491 979 2504 -
1013 2446 1083 2520 sed
1115 2445 1273 2520 dehoc

283 2549 360 2636 iam
385 2541 556 2640 pluribus
582 2541 782 2641 agendum.
955 2631 959 2640 ι

381 2643 532 2714 Etenim
563 2666 633 2715 nos
661 2641 828 2740 quidem,
853 2660 897 2712 ut
921 2644 1174 2738 exposuimus,
1197 2666 1270 2738 pro

286 2757 391 2818 certo
417 2737 617 2830 hebemus,
648 2740 853 2810 Caesarem
879 2763 926 2810 eo
954 2739 1032 2828 die,
1071 2764 1148 2838 quo
1174 2737 1272 2810 haec

286 2840 409 2908 oratio
448 2835 577 2927 habits
613 2854 783 2935 putatur,
823 2834 875 2922 ad
902 2841 1077 2926 senatum
1102 2827 1271 2908 retulisse

286 2933 335 3006 de
367 2931 510 3010 insidiis
540 2931 612 3006 sibi
642 2937 805 3020 structis,
842 2934 882 3004 in
920 2956 1047 3038 eoque
1087 2937 1139 3007 Μ.
1170 2936 1270 3005 Mar·

287 3027 406 3118 cello,
435 3027 484 3100 de
511 3054 588 3127 quo
605 3033 646 3102 L.
667 3032 754 3100 Piso
771 3034 999 3103 sententiam
1017 3029 1144 3102 ferens
1170 3055 1272 3104 com-

283 3144 546 3214 memorasset,
579 3125 813 3223 deprecante
842 3146 992 3212 euncto
1016 3147 1168 3217 senatu,
1205 3150 1269 3199 ve-

284 3229 388 3304 niam
415 3223 575 3307 dedisse.
635 3224 722 3317 Quo
754 3223 856 3298 facto
888 3229 988 3299 inter
1011 3225 1106 3302 alios
1134 3225 1269 3296 Cicero
1358 3225 1359 3232 ’

286 3321 336 3394 de
367 3326 444 3392 istis
476 3320 619 3396 insidiis
637 3327 872 3420 sententiam
901 3341 1070 3421 rogatus,
1107 3325 1272 3421 primum

287 3420 336 3502 de
380 3418 565 3492 Marcello
608 3425 743 3516 gratias
786 3423 881 3516 egit,
926 3421 1068 3492 deinde
1114 3423 1272 3511 censuit,

286 3515 534 3608 Quibuscum
547 3515 750 3588 viderimus
772 3521 982 3592 orationem
1001 3535 1169 3591 nostram
1188 3541 1273 3614 per·
1358 3575 1359 3588 ,

269 3608 387 3690 fecte
421 3637 653 3709 congruere:
697 3613 785 3687 luce
819 3613 954 3688 clarius
985 3635 1058 3705 est,
1109 3639 1193 3686 eam
1226 3637 1273 3685 ex

285 3712 367 3804 ipsu
392 3733 450 3797 re,
514 3735 585 3780 uae
616 3709 682 3784 illo
713 3711 780 3785 die
803 3717 968 3788 maxima
994 3732 1111 3804 esset,
1143 3713 1273 3784 inseri·
1358 3709 1359 3778 t

286 3804 455 3878 benda‘m
485 3737 622 3878 inisse:
660 3811 710 3880 de
739 3813 888 3880 insidiis
926 3811 1086 3882 Caesari
1115 3813 1274 3902 paratis

288 3922 352 3980 aut
376 3906 498 3974 desti
521 3905 698 3984 acoribus
724 3906 883 3978 Caesari
907 3907 1179 3986 concedendis,
1208 3924 1274 3976 aut

286 4001 399 4094 siusili
412 3930 547 4087 motid;
572 4003 966 4098 inscriptionemvero
984 4025 1056 4101 pro.
1076 4004 1137 4092 M,
1157 4005 1272 4088 Mar-

100 4216 439 4508 1²·
464 4254 871 4508 Μ
