2702 4548
15 537 18 542 ⁶
105 580 280 660 cuperet,
308 564 413 634 cuius
432 557 632 656 voluptatis
658 545 762 627 a'sat
777 554 896 652 longo
921 573 1097 655 tempore

103 685 185 732 non
224 657 349 732 fuerat
389 661 590 755 particeps.
602 661 637 730 “‚
684 656 890 727 Enimvero
925 659 966 725 in
987 654 1096 728 loco

29 789 35 800 ·
102 755 296 828 Plutarchi
325 777 452 853 neque
482 751 603 823 ullum
637 752 805 824 Caesaris
843 751 892 823 de
922 756 1101 823 oratione

101 852 355 926 Marcelliana
389 851 574 924 iudicium
602 872 676 924 nec
713 868 858 921 certum
895 873 1012 946 genus
1044 849 1099 920 di·

105 951 222 1024 cendi
242 950 470 1048 designatum
493 971 627 1020 verum
646 945 811 1018 dictator
821 949 981 1018 nonnisi
1004 965 1099 1018 tem·
1215 998 1218 1002 »

103 1051 208 1147 poris
235 1047 533 1137 diuturnitatem,
566 1069 643 1144 qua
672 1069 753 1116 non
785 1044 966 1142 audiisset
990 1046 1100 1116 Cice-

104 1169 240 1218 ronem
274 1144 468 1216 dicentem
504 1141 716 1240 significans
752 1145 927 1214 universe
961 1140 1100 1213 dixisse
1190 1173 1192 1181 ⁸

106 1241 259 1316 dicitur:
291 1245 389 1341 quid
418 1243 585 1338 impedit
614 1237 675 1309 ne
693 1257 783 1337 post
809 1240 971 1338 longum
1000 1256 1100 1310 tem-

101 1365 176 1438 pus
193 1333 429 1416 ¹Ciceronem
455 1338 665 1408 audiemus
688 1338 914 1408 dicentem?
960 1337 1101 1435 Neque

103 1438 204 1510 haec
237 1437 317 1508 loci
351 1437 632 1532 interpretatio,
671 1435 786 1508 unice
820 1457 927 1521 vera,
961 1437 1101 1506 oratio.

104 1525 198 1607 nem
214 1529 380 1605 reddere
399 1551 614 1629 suspectam
635 1548 771 1627 potest.
809 1533 910 1602 Nam
929 1554 1016 1601 cum
1033 1528 1102 1601 llo·

106 1649 218 1705 rente
243 1627 389 1726 republ.
415 1653 572 1724 ntagnus
596 1627 662 1699 ille
681 1648 811 1701 orator
830 1623 1003 1726 quotidie
1020 1625 1102 1701 fere

107 1733 150 1801 in
183 1731 305 1816 curia,
338 1724 440 1815 foro,
477 1725 626 1797 iudiciis
658 1744 756 1796 esset
783 1742 970 1816 versatus,
1009 1743 1102 1798 tunc

109 1845 237 1896 autem
261 1828 360 1895 inter
382 1821 501 1895 terba
533 1823 581 1894 de
612 1822 799 1913 Marcello
828 1821 931 1894 facta
962 1840 1000 1894 et
1028 1846 1102 1919 pro

106 1926 254 2022 Ligario
284 1919 465 1995 facienda
496 1919 712 2020 complures
744 1943 895 1992 menses
928 1918 1104 1991 defluxis-

106 2039 211 2093 sent:
251 2019 329 2092 hoc
352 2016 611 2109 intervallum,
644 2019 855 2118 (siquidem
878 2015 1023 2090 licebat
1049 2017 1104 2088 di-

66 2137 75 2164 *
110 2141 217 2207 cere,
255 2115 303 2190 cf.
334 2114 462 2186 lamm.
489 2117 556 2206 lv,
583 2127 616 2202 4.
642 2119 708 2203 ΙΧ,
736 2119 816 2204 20.)
849 2116 911 2186 oui
940 2139 1021 2185 non
1051 2117 1105 2185 vi·

109 2215 194 2288 deri
226 2212 383 2309 longum
400 2210 578 2303 debuit?
636 2217 777 2311 Atque¹
797 2218 869 2284 ista
903 2231 1105 2284 narrantur

111 2313 163 2384 de
195 2313 372 2402 Caesare,
411 2313 477 2478 pui
506 2313 672 2384 maxime
701 2311 867 2383 volebat
890 2327 988 2382 eom
1005 2336 1105 2380 rem-
1146 2401 1148 2404 Ι
1228 2311 1232 2320 ’

41 2406 45 2419 ’
106 2409 217 2510 publ.
233 2413 374 2507 putari
437 2432 546 2480 amm.
571 2409 635 2498 IV,
656 2409 714 2507 d.)
739 2431 868 2507 neque
888 2404 978 2488 ideo
1055 2410 1106 2480 ‘c-

109 2528 228 2606 quam
251 2504 394 2590 habere
419 2509 631 2603 exoptatius
655 2524 822 2605 poterat,
857 2530 973 2604 quam
1030 2509 1107 2576 ice-

110 2627 263 2694 ronem,
307 2620 345 2674 et
376 2621 568 2676 oratorem
597 2605 960 2702 praestantissimum
991 2621 1030 2672 et
1056 2604 1107 2674 ci-

110 2727 198 2776 vem
229 2702 450 2772 auctoritate
481 2705 755 2798 gravissimum,
800 2703 854 2770 ita
883 2723 925 2772 se
954 2720 1105 2798 gerere,

110 2816 154 2871 nt
188 2797 363 2870 omnibus
392 2797 498 2870 illam
524 2821 606 2871 esse
635 2797 803 2896 aliquam
834 2795 1107 2894 persuaderet?
1172 2823 1173 2828 ¹

112 2897 210 2992 (Au
245 2897 347 2986 XIII,
389 2922 443 2969 ro.
481 2893 609 2972 famm,
640 2896 718 2982 Vll,
757 2897 850 2990 33.).
900 2897 945 2965 Ei
974 2897 1110 2994 igitur,

112 3016 266 3092 prorsus
308 3016 467 3067 necesse
512 2991 600 3084 fuit,
649 2991 760 3072 huius
808 2995 895 3065 viri·
919 2996 1108 3065 mensium

115 3089 369 3189 complurium
404 3093 639 3164 taciturnitas
674 3109 766 3164 tunc
794 3089 988 3163 videretur
1023 3089 1108 3162 lon·
1168 3101 1170 3106 '

13 3217 14 3222 ¹
114 3190 282 3285 gissima,
326 3209 442 3287 atque
477 3192 528 3279 is,
572 3192 688 3261 etiam
728 3193 759 3261 si
802 3190 1031 3262 Ciceronem
1066 3190 1109 3258 in

114 3287 351 3358 restitutione
386 3283 562 3358 Marcelli
597 3287 793 3359 audiverat
828 3291 916 3357 satis
949 3285 1110 3382 copiose

115 3383 328 3473 dicentem,
366 3384 414 3474 is,
450 3387 626 3484 inquam,
665 3409 763 3457 eum·
782 3381 974 3456 mensibus
1006 3404 1111 3452 com·

112 3477 286 3580 pluribus
309 3499 397 3579 post
422 3481 631 3578 auditurus,
649 3490 813 3582 'prorsus
837 3478 996 3564 necesse
1020 3476 1125 3570 fuit,¹

115 3577 284 3651 dicaret:
330 3570 369 3652 ‘rt'
411 3571 539 3654 κωλύει
583 3577 660 3655 ΔΙΑ
696 3586 890 3656 ΧΡΟΝΟΥ
931 3566 1111 3683 Κικέρωνος

115 3674 270 3752 dasium
294 3667 468 3773 λέγοντος.
533 3689 549 3738 .·
579 3705 582 3710 ·

211 3770 290 3848 Sed
313 3772 522 3847 vidend‘um
548 3773 598 3846 de
618 3772 772 3874 reliquis
789 3776 831 3846 in
848 3791 980 3848 nostra
998 3795 1114 3846 causa

118 3871 299 3951 testibus,
343 3870 393 3965 de
420 3874 668 3954 'Prisciano,
713 3875 850 3946 Nonio
886 3871 1111 3950 Marcello,

118 3968 363 4048 Lactantio,'
377 3973 555 4041 Asconio
581 3971 783 4052 Pediano,
812 3971 1043 4070 inquorum
1067 3964 1113 4036 li·
1179 3978 1182 3987 “

118 4062 197 4138 bris
221 4067 400 4141 orationis
424 4089 496 4166 pro
515 4065 702 4142 Marcello
727 4070 876 4168 saepius
895 4070 951 4142 sic
966 4066 1113 4138 mentio
