2730 4524
538 461 642 564 cA'r.
674 492 740 580 ur.

244 685 279 785 §.
299 699 333 778 8.
381 688 532 758 Initium
557 687 659 760 tertii
684 687 833 784 capitis:
858 686 1059 757 Domuirti
1081 740 1131 763 ...

146 785 297 864 iudim,
331 810 351 855 a
377 783 501 854 multis
532 801 575 854 ut
610 786 747 860 eximie
778 780 977 880 pulchrum
1002 782 1134 856 lauda-

145 898 224 950 tum
252 901 324 968 est;
350 905 424 954 nec
447 878 689 952 tamemhinc
708 885 913 978 genuinum
940 903 1021 953 esse
1042 906 1135 954 con-

144 981 328 1076 sequitur.
389 982 563 1074 Namque
605 980 685 1074 ipsa
729 977 827 1049 haec
896 977 1131 1071 ulchritud0,

147 1073 338 1152 antithetis
362 1079 568 1174 praecipue
594 1093 631 1144 et
657 1078 767 1172 copia
788 1003 954 1173 quaham
980 1074 1135 1148 dicendi

147 1171 303 1263 effecta,
331 1192 372 1244 ut
397 1174 444 1242 ab
472 1170 647 1242 omnibus
672 1169 852 1242 facillime
877 1176 1052 1264 sentitur,
1078 1178 1134 1248 sio

147 1268 286 1356 abiis,
320 1273 385 1368 qui
418 1271 557 1365 scripta
591 1269 784 1339 Ciceronis
814 1265 1036 1366 frequenter
1058 1291 1134 1342 stu·

147 1365 330 1464 dioseque
364 1363 533 1463 perlecta
567 1362 729 1452 hahent,
776 1367 988 1436 imitatione
1029 1368 1134 1442 haud

148 1462 352 1536 difficulter
378 1466 608 1560 exprimitur.
635 1459 703 1555 (cl.
728 1457 845 1534 Wolf.
870 1465 1132 1559 pag..XXlll.)

147 1559 239 1652 Quo
267 1560 433 1650 accedit,
467 1561 572 1657 quod
603 1583 653 1629 ne
683 1567 849 1656 nequam
873 1583 1004 1632 ornnes
1028 1559 1133 1632 illam

146 1675 277 1727 nostro
295 1661 334 1727 in
353 1656 441 1728 loco
454 1585 776 1753 pulchritutllnem
791 1675 1016 1753 agnoscunt3
1039 1663 1133 1757 quin

148 1757 262 1824 etiam
288 1753 494 1843 WeiskiuS,
533 1753 824 1828 studiosissimus
856 1757 1037 1827 orationis
1066 1755 1133 1829 de-

145 1847 290 1939 fensor,
317 1871 395 1922 tum
424 1877 492 1947 pro
518 1856 771 1922 immanitate
788 1850 979 1922 barbaras
1003 1851 1134 1952 legere

144 1946 277 2020 mallet
310 1948 495 2020 barbarie
518 1952 711 2018 immanes
734 1964 825 2037 tum,
856 1946 995 2018 verbis:
1023 1957 1134 2024 omni

147 2071 232 2141 cop.
254 2073 293 2143 g.
324 2048 574 2116 abundantes
605 2039 788 2136 offensus,
825 2047 925 2114 inter
955 2047 1133 2144 infinitas

149 2158 187 2211 et
213 2144 323 2210 anani
346 2139 524 2211 lacunam
551 2163 632 2210 esse
655 2141 883 2239 suspicatum
916 2157 1061 2213 utnon
1085 2148 1133 2216 sit

146 2235 381 2326 mirandum,
421 2235 525 2334 quod
557 2235 719 2309 Wollius
746 2236 795 2307 ad
820 2233 950 2308 verba:
996 2267 1045 2310 ea
1070 2245 1137 2311 vim

148 2339 235 2404 cisti
252 2352 330 2406 cet
357 2333 455 2404 haec
477 2332 634 2406 scribat:
662 2339 790 2423 „Ante
812 2337 888 2408 hoc
911 2354 1060 2434 tempus
1086 2361 1133 2409 ea

146 2435 290 2503 vicerat
315 2426 594 2530 Caesar,.quae
620 2430 667 2502 ab
693 2430 850 2505 homine
874 2453 1031 2532 possent
1053 2439 1133 2506 vin·

148 2532 201 2602 ci:
240 2547 278 2600 at
302 2528 419 2601 hodie
445 2548 565 2601 semet
595 2530 717 2626 ipsum
740 2532 846 2620 vicit,
886 2535 1053 2601 animum
1077 2537 1133 2604 vi-

148 2625 271 2698 cit-
301 2626 428 2718 Quid?
459 2653 549 2697 num
576 2631 721 2698 animus
747 2625 932 2702 humanus
958 2651 1043 2699 eam
1068 2627 1134 2701 ha·

146 2721 215 2796 bet
244 2742 434 2815 naturam,
478 2743 519 2794 ut
549 2728 651 2796 vinci
680 2745 730 2794 ne
760 2723 874 2796 ueat?
931 2726 1007 2796 Cur
1041 2751 1130 2823 ergo
1178 2735 1180 2741 '

145 2817 366 2920 philosophi
392 2841 430 2894 et
453 2841 592 2920 poetae
611 2845 681 2892 nos
697 2750 830 2893 iuhent
845 2827 1025 2894 animum
1043 2831 1132 2894 vin-

147 2944 252 2998 cere,
279 2939 449 2990 mentem
474 2945 730 3019 compescere,
754 2919 885 3017 frenis
908 2944 1046 3020 regere
1069 2938 1132 2991 at-

146 3041 222 3112 que
246 3020 418 3086 catena?
443 3067 475 3090 ..
525 3019 649 3089 Sensit
672 3015 749 3088 hoc
776 3035 955 3115 exparte
976 3011 1139 3106 Orator}

144 3135 223 3183 nec
246 3115 356 3183 tantis
376 3113 591 3185 auctoribus
607 3138 648 3186 se
668 3137 866 3211 opponere
884 3139 1008 3202 ausus,
1057 3133 1133 3184 ost.

129 3211 258 3279 :remis
282 3208 405 3280 verbis
429 3209 690 3306 imperfectam
719 3211 901 3310 relinquit
930 3140 1134 3282 antithesin

144 3304 207 3376 vel
231 3309 310 3377 eius
336 3309 411 3378 vim
437 3305 633 3392 obscurat,
666 3333 784 3405 quum
809 3305 1022 3395 hominem,
1056 3311 1134 3380 ani·

139 3399 197 3474 ⁴mi
227 3405 285 3474 sui
321 3406 522 3494 victorem,
559 3404 801 3474 simillimum
837 3406 912 3474 deo
951 3402 1130 3500 appellat.

143 3503 218 3588 Ita,
246 3501 397 3596 opinor,
424 3501 614 3589 scribunt,
641 3503 707 3598 qui
731 3498 904 3570 nondum
922 3524 1058 3598 sapere
1078 3501 1132 3574 di-

145 3597 347 3686 dicerunt,·
373 3616 411 3669 et
440 3596 642 3695 perplexos
674 3619 804 3668 sensus
834 3620 921 3668 suos
950 3601 1130 3695 speciosis

144 3695 269 3768 verbis
294 3698 518 3793 exprimere.
529 3696 549 3760 ’ἲ
599 3697 682 3766 Nec
705 3717 797 3764 vero
815 3695 856 3765 id
873 3693 996 3766 solum
1014 3699 1055 3768 in
1073 3697 1130 3768 his

144 3797 274 3863 vitium
302 3813 373 3883 θεῖς
404 3791 472 3866 sed
505 3795 651 3890 gravius
671 3795 813 3880 etiam,
844 3793 1131 3892 amplificatam

142 3891 334 3960 Marcelli
364 3894 605 3991 dignitatem
638 3891 714 3958 iam
739 3915 853 3988 supra
879 3896 1128 3987 coarguimus

145 3987 257 4080 Quae
282 3987 455 4086 quidem,
483 4013 570 4063 cum
593 3985 857 4076 sufficiente-id
875 3985 1004 4060 locum
1023 3985 1129 4058 Cice-
