2702 4548
1060 313 1158 427 25¹

110 533 251 621 tiones,
287 531 520 636 posteritatis
549 527 726 628 profecto
751 555 823 628 pro
853 528 966 604 nullis
995 530 1109 608 habe·

16 628 19 635 ’
109 627 175 703 bit.
236 627 333 717 Sed,
373 651 562 726 quaenam
600 626 674 700 hae
706 653 790 701 esse
827 632 984 702 omnino
1023 657 1110 728 pos·
1179 633 1184 652 '

108 725 219 800 sunt?
281 717 460 826 Respubl.
494 743 531 798 et
568 728 733 823 optimus
768 729 945 826 quisque,
988 731 1110 812 virum

108 825 369 924 gravissimum
395 841 433 896 et
456 820 734 904 nobilissimum
754 827 903 896 restitui
927 828 1112 910 maximo·

107 945 203 1021 pere
242 923 477 1016 concupivit3
516 919 598 1014 ¹hoc
634 940 778 1012 autem,
818 924 891 994 nisi
929 922 1114 1021 quemad-

108 1018 268 1090 modum
300 1015 478 1105 effectum
501 1015 585 1106 est,
619 1015 721 1092 effici
750 1017 858 1090 nullo
888 1019 1008 1092 modo
1039 1045 1117 1118 Ρο-Ι

109 1120 190 1190 tuit.
254 1113 372 1210 Quod
408 1117 522 1212 igitur
556 1112 621 1186 ille
659 1115 709 1187 ad
745 1113 822 1188 hoc
862 1117 903 1187 in
945 1121 1111 1190 minimis
1201 1179 1205 1191 ,

108 1207 194 1286 suas
229 1239 289 1286 res
325 1216 454 1312 posuit
488 1229 714 1312 tantumque
751 1213 881 1286 tribuit
917 1214 1112 1288 bonorum

109 1314 281 1404 omniurn
321 1328 360 1383 et
395 1306 559 1406 reipubl.
598 1308 808 1400 desiderio,
857 1331 915 1402 ut,
958 1337 1035 1411 quo
1075 1315 1112 1384 ei

106 1406 361 1498 satisfaceret,
387 1404 450 1477 vel
473 1406 739 1499 indignitatem
764 1410 875 1482 istam
898 1412 939 1480 in
964 1415 1113 1485 restitu-

107 1512 217 1578 tione
249 1507 477 1600 susciperet:
523 1508 608 1604 quis
645 1507 680 1578 ei
717 1506 809 1576 vitio
847 1524 985 1596 vertat,
1029 1511 1110 1578 imo

109 1607 194 1702 quis
227 1627 305 1672 non
336 1597 514 1673 laudibus
544 1605 699 1676 summis
733 1621 771 1676 et
801 1601 1113 1700 praeclarissimis

108 1704 151 1772 in
191 1697 343 1773 coelum
379 1699 565 1794 extollat?
614 1702 664 1773 At
691 1723 741 1770 ue
774 1703 828 1771 ita
857 1699 958 1790 haec
988 1706 1113 1788 oratio
1152 1712 1154 1718 ’
1192 1777 1196 1784 ,

110 1802 146 1873 ei
189 1821 266 1868 non
312 1794 431 1870 modo
467 1796 563 1870 nihil
607 1726 810 1870 dedecoris
844 1796 999 1891 ‚afferen
1041 1799 1114 1874 sed

109 1899 223 1968 etiam
259 1893 400 1966 honori
445 1899 516 1967 erit
554 1919 600 1968 ac
637 1895 781 1995 gloriae
819 1901 1027 1988 maximae,
1070 1917 1114 1970 ut

108 2017 210 2093 qaae
236 1995 380 2090 optime
404 1995 453 2064 sit
472 2016 604 2066 omnes
625 1995 827 2086 edoctura,
853 1993 930 2068 hoc
952 1994 1113 2068 tandem

107 2099 191 2162 viro
230 2094 513 2180 restituturos
552 2115 686 2162 omnes
724 2113 815 2162 vere
853 2109 892 2162 et
926 2091 1036 2165 nobis
1075 2109 1114 2166 et

108 2184 272 2284 reipubl.
298 2185 468 2268 redditos
494 2191 593 2260 visos
620 2211 720 2278 esse,
754 2210 801 2259 ac
831 2204 923 2260 tunc
955 2188 1114 2266 tandem

105 2302 291 2383 ,coeptum
317 2282 417 2356 bene
444 2282 494 2354 de
521 2288 626 2358 omni
650 2283 798 2383 republ.
823 2291 980 2384 sperari.

140 2441 144 2450 ,
206 2380 429 2472 Secundum
461 2381 558 2456 haec
588 2406 697 2474 vero,
742 2385 774 2455 si
810 2393 886 2454 nec
923 2385 1114 2456 voluntas

108 2478 317 2570 Marcelli,
344 2497 386 2550 ut
410 2478 587 2570 videtur,
602 2478 792 2571 obstabat,
820 2483 914 2580 quin
938 2481 1004 2554 illa
1030 2507 1114 2576 oraf
1212 2478 1214 2484 ’

110 2583 164 2648 tio
199 2574 479 2674 publicaretur,
501 2601 593 2675 ,nec
628 2583 682 2668 roi
718 2577 779 2653 vel
813 2583 1015 2678 gravitas,
1052 2579 1115 2652 vel

111 2673 345 2772 dffficnlras
383 2674 446 2746 vel
480 2681 621 2776 gratia
658 2676 793 2749 deerat
831 2679 1012 2767 maxima,
1046 2701 1116 2752 cur

110 2769 268 2844 tandem
288 2771 504 2864 credamus,
525 2797 618 2849 'eam
644 2798 724 2845 non
751 2797 833 2862 esse
851 2772 1114 2872 publicatam?

108 2870 183 2942 Vix
210 2892 305 2966 opus
332 2889 389 2944 est
413 2869 463 2946 de
488 2870 546 2944 his
564 2871 675 2970 plura
700 2870 848 2966 dicere,
875 2895 950 2946 nec
970 2891 1112 2965 tamen,

110 2971 221 3059 (cum
251 2968 291 3060 in
321 2965 398 3040 hoc
436 2992 578 3067 genere
612 2993 812 3042 causarum
850 2973 963 3056 copia
995 2992 1115 3072 quae-

110 3061 546 3160 damargumentotutn
584 3066 696 3152 haud,¹
724 3065 839 3141 facile
873 3065 1115 3168 displiceat,)

109 3163 142 3232 si
173 3185 250 3258 qua
280 3160 355 3234 alia
388 3170 504 3238 etiam
541 3168 774 3240 Ciceronem
810 3165 1118 3250 adorationem

110 3256 302 3334 edendam
345 3265 597 3337 commovisse
646 3262 864 3357 videantur,
914 3290 961 3338 ea
1005 3286 1116 3362 prae·

108 3352 299 3426 tereunda
326 3381 495 3434 censeo·
531 3360 637 3453 Quid
660 3359 795 3434 enim?
839 3385 928 3432 cum
957 3358 1131 3446 fratrem

110 3473 150 3532 ct
175 3454 318 3524 amicos
336 3453 509 3528 Marcelli
535 3455 584 3528 ad
612 3481 699 3530 eum
720 3461 859 3532 eximia
885 3459 972 3532 cum
997 3458 1117 3535 laude

110 3549 161 3624 de
186 3548 367 3648 singulari
393 3556 591 3627 Ciceronis
618 3578 708 3654 erga
733 3559 858 3654 ipsum
886 3555 1117 3644 benevolen-

108 3650 162 3720 tia
188 3667 228 3722 et
258 3647 389 3722 officio
420 3655 683 3750 perscripsisse
712 3653 927 3752 videamus:
960 3655 1117 3752 (farum,

107 3747 174 3836 IV,
209 3752 287 3839 11.)
324 3771 457 3822 nonne
493 3750 806 3824 verisimillimum
844 3773 916 3844 est,
954 3753 1026 3829 ltos
1064 3752 1119 3836 ad

110 3861 259 3939 gratum
301 3850 473 3934 animum
517 3866 556 3920 et
596 3847 894 3936 observantiam*
919 3847 1118 3950 quandam

109 3940 402 4036 significandam
429 3970 450 4018 e
477 3948 678 4020 Cicerone·
697 3952 868 4047 petiisse,
901 3969 944 4021 ut
976 3946 1116 4022 oratio*-

109 4063 203 4144 netn
225 4041 266 4114 in
292 4039 390 4120 illius
410 4048 650 4124 restitutione
669 4043 859 4140 habitam,
883 4049 992 4147 quasi.
1011 4066 1122 4142 egre«,
